{
  "meta": {
    "generated_at": "2026-01-27T21:50:41.846263"
  },
  "products": {
    "Hele õlu HEINEKEN 5% 0,568L prk": {
      "category": "Barbora:Heledad Õlled",
      "entries": [
        {
          "t": "2026-01-18T23:21:34.440745",
          "p": 1.29
        }
      ],
      "latest_price": 1.29,
      "price_per_unit": 2.27,
      "unit_label": "L",
      "url": "https://barbora.ee/toode/hele-olu-heineken-5-proc-0-568-l-prk",
      "img": "https://cdn.barbora.ee/products/7940489c-1538-4f58-99a5-b2029414ae77_m.png",
      "store": "Barbora",
      "price_per_litre": 2.27,
      "price_per_kg": null,
      "is_sale": false
    },
    "Hele õlu CRONUS Pilsner 4.8% 500ml": {
      "category": "Barbora:Heledad Õlled",
      "entries": [
        {
          "t": "2026-01-11T10:00:00",
          "p": 1.99
        },
        {
          "t": "2026-01-18T23:21:34.440745",
          "p": 1.55
        },
        {
          "t": "2026-01-26T22:36:20.613384",
          "p": 1.69
        },
        {
          "t": "2026-01-27T10:31:51.707194",
          "p": 0.99
        }
      ],
      "latest_price": 0.99,
      "price_per_unit": 1.98,
      "unit_label": "L",
      "url": "https://barbora.ee/toode/hele-olu-cronus-pilsner-4-8-proc-500-ml",
      "img": "https://cdn.barbora.ee/products/f4b4549b-5845-47a3-861e-92cf10dff069_m.png",
      "store": "Barbora",
      "price_per_litre": 3.1,
      "price_per_kg": null,
      "is_sale": false
    },
    "Õlu BOCK Double 6% 2L": {
      "category": "Barbora:Heledad Õlled",
      "entries": [
        {
          "t": "2026-01-18T23:21:34.440745",
          "p": 4.99
        },
        {
          "t": "2026-01-26T23:38:52.095158",
          "p": 5.29
        },
        {
          "t": "2026-01-27T10:31:51.707194",
          "p": 3.99
        }
      ],
      "latest_price": 3.99,
      "price_per_unit": 1.995,
      "unit_label": "L",
      "url": "https://barbora.ee/toode/olu-bock-double-6-proc-2-l",
      "img": "https://cdn.barbora.ee/products/9e7e8ffd-6e51-4313-b767-de53e1bb0989_m.png",
      "store": "Barbora",
      "price_per_litre": 2.5,
      "price_per_kg": null,
      "is_sale": false
    },
    "Õlu CRONUS Lager 5% 500ml prk": {
      "category": "Barbora:Heledad Õlled",
      "entries": [
        {
          "t": "2026-01-18T23:21:34.440745",
          "p": 0.89
        }
      ],
      "latest_price": 0.89,
      "price_per_unit": 1.78,
      "unit_label": "L",
      "url": "https://barbora.ee/toode/olu-cronus-lager-5-proc-500-ml-prk",
      "img": "https://cdn.barbora.ee/products/2990c67e-0175-4282-8d1c-e2ae10b9a8b0_m.png",
      "store": "Barbora",
      "price_per_litre": 1.78,
      "price_per_kg": null,
      "is_sale": false
    },
    "Hele õlu Saku Kuld 5,2% 12*0,33L prk": {
      "category": "Barbora:Heledad Õlled",
      "entries": [
        {
          "t": "2026-01-18T23:21:34.440745",
          "p": 9.99
        }
      ],
      "latest_price": 9.99,
      "price_per_unit": 2.52,
      "unit_label": "L",
      "url": "https://barbora.ee/toode/hele-olu-saku-kuld-5-2-proc-12-0-33-l-prk",
      "img": "https://cdn.barbora.ee/products/c7ef8653-c413-4a23-9296-f4b319769201_m.png",
      "store": "Barbora",
      "price_per_litre": 2.52,
      "price_per_kg": null,
      "is_sale": false
    },
    "Hele õlu A.LE COQ Premium 4.7% 24x330ml": {
      "category": "Barbora:Heledad Õlled",
      "entries": [
        {
          "t": "2026-01-18T23:21:34.440745",
          "p": 18.99
        },
        {
          "t": "2026-01-26T23:38:52.095158",
          "p": 19.59
        },
        {
          "t": "2026-01-27T10:31:51.707194",
          "p": 16.99
        }
      ],
      "latest_price": 16.99,
      "price_per_unit": 2.14,
      "unit_label": "L",
      "url": "https://barbora.ee/toode/hele-olu-a-le-coq-premium-4-7-proc-24-x-330-ml",
      "img": "https://cdn.barbora.ee/products/3675654e-b537-454c-9cae-a2c280d8e6ef_m.png",
      "store": "Barbora",
      "price_per_litre": 2.4,
      "price_per_kg": null,
      "is_sale": false
    },
    "Hele õlu KARL FRIEDRICH 5% 6x 568ml": {
      "category": "Barbora:Heledad Õlled",
      "entries": [
        {
          "t": "2026-01-18T23:21:34.440745",
          "p": 7.99
        }
      ],
      "latest_price": 7.99,
      "price_per_unit": 2.34,
      "unit_label": "L",
      "url": "https://barbora.ee/toode/hele-olu-karl-friedrich-5-proc-6-x-568-ml",
      "img": "https://cdn.barbora.ee/products/c8bcff7c-9252-40e7-bb1c-f51ddc3167e1_m.png",
      "store": "Barbora",
      "price_per_litre": 2.34,
      "price_per_kg": null,
      "is_sale": false
    },
    "Hele õlu Saku Originaal4,7% 12x0,33l prk": {
      "category": "Barbora:Heledad Õlled",
      "entries": [
        {
          "t": "2026-01-18T23:21:34.440745",
          "p": 9.49
        },
        {
          "t": "2026-01-19T23:28:16.713140",
          "p": 10.99
        },
        {
          "t": "2026-01-20T20:19:16.356742",
          "p": 9.49
        },
        {
          "t": "2026-01-26T23:38:52.095158",
          "p": 11.59
        },
        {
          "t": "2026-01-27T21:37:05.317891",
          "p": 9.49
        }
      ],
      "latest_price": 9.49,
      "price_per_unit": 2.4,
      "unit_label": "L",
      "url": "https://barbora.ee/toode/hele-olu-saku-originaal-4-7-proc-12-x-0-33-l-prk",
      "img": "https://cdn.barbora.ee/products/187fd8a3-c838-4cb5-b4a1-a3ee27aa0ad2_m.png",
      "store": "Barbora",
      "price_per_litre": 2.4,
      "price_per_kg": null,
      "is_sale": false
    },
    "Õlu KRONENBOURG 1664 Blanc 5% 500ml": {
      "category": "Barbora:Heledad Õlled",
      "entries": [
        {
          "t": "2026-01-18T23:21:34.440745",
          "p": 1.39
        },
        {
          "t": "2026-01-26T23:38:52.095158",
          "p": 1.49
        }
      ],
      "latest_price": 1.49,
      "price_per_unit": 2.98,
      "unit_label": "L",
      "url": "https://barbora.ee/toode/olu-kronenbourg-1664-blanc-5-proc-500-ml",
      "img": "https://cdn.barbora.ee/products/1f6e765a-af18-4992-b6c5-ca9789fe496c_m.png",
      "store": "Barbora",
      "price_per_litre": 2.78,
      "price_per_kg": null,
      "is_sale": false
    },
    "Hele õlu SAKU Rock 5.3% 6x0.568l, prk": {
      "category": "Barbora:Heledad Õlled",
      "entries": [
        {
          "t": "2026-01-18T23:21:34.440745",
          "p": 10.39
        },
        {
          "t": "2026-01-26T23:38:52.095158",
          "p": 10.79
        },
        {
          "t": "2026-01-27T10:31:51.707194",
          "p": 7.99
        }
      ],
      "latest_price": 7.99,
      "price_per_unit": 2.35,
      "unit_label": "L",
      "url": "https://barbora.ee/toode/hele-olu-saku-rock-5-3-proc-6-x-0-568-l-prk",
      "img": "https://cdn.barbora.ee/products/86e48bd6-d699-4a8f-bd38-f2c22c83292f_m.png",
      "store": "Barbora",
      "price_per_litre": 3.05,
      "price_per_kg": null,
      "is_sale": false
    },
    "Hele õlu CORONA Extra 4.5% 355ml, pudel": {
      "category": "Barbora:Heledad Õlled",
      "entries": [
        {
          "t": "2026-01-18T23:21:34.440745",
          "p": 1.79
        },
        {
          "t": "2026-01-26T23:38:52.095158",
          "p": 1.89
        },
        {
          "t": "2026-01-27T10:31:51.707194",
          "p": 1.39
        }
      ],
      "latest_price": 1.39,
      "price_per_unit": 3.91,
      "unit_label": "L",
      "url": "https://barbora.ee/toode/hele-olu-corona-extra-4-5-proc-355-ml-pudel",
      "img": "https://cdn.barbora.ee/products/1b241892-1ba9-495c-98df-8efe89dad7ac_m.png",
      "store": "Barbora",
      "price_per_litre": 5.04,
      "price_per_kg": null,
      "is_sale": false
    },
    "Hele õlu BUDWEISER Budvar 5% 500ml": {
      "category": "Barbora:Heledad Õlled",
      "entries": [
        {
          "t": "2026-01-18T23:21:34.440745",
          "p": 1.89
        },
        {
          "t": "2026-01-18T23:21:34.440745",
          "p": 1.79
        },
        {
          "t": "2026-01-19T21:26:14.224999",
          "p": 1.89
        },
        {
          "t": "2026-01-19T21:26:14.224999",
          "p": 1.79
        },
        {
          "t": "2026-01-19T21:28:08.305742",
          "p": 1.89
        },
        {
          "t": "2026-01-19T21:28:08.305742",
          "p": 1.79
        },
        {
          "t": "2026-01-19T21:31:04.826603",
          "p": 1.89
        },
        {
          "t": "2026-01-19T21:31:04.826603",
          "p": 1.79
        },
        {
          "t": "2026-01-19T21:33:21.090987",
          "p": 1.89
        },
        {
          "t": "2026-01-19T21:33:21.090987",
          "p": 1.79
        },
        {
          "t": "2026-01-19T21:42:06.529258",
          "p": 1.89
        },
        {
          "t": "2026-01-19T21:42:06.529258",
          "p": 1.79
        },
        {
          "t": "2026-01-19T21:56:14.765702",
          "p": 1.89
        },
        {
          "t": "2026-01-19T21:56:14.765702",
          "p": 1.79
        },
        {
          "t": "2026-01-19T22:00:53.954644",
          "p": 1.89
        },
        {
          "t": "2026-01-19T22:00:53.954644",
          "p": 1.79
        },
        {
          "t": "2026-01-19T22:04:57.084393",
          "p": 1.89
        },
        {
          "t": "2026-01-19T22:04:57.084393",
          "p": 1.79
        },
        {
          "t": "2026-01-19T22:07:32.480531",
          "p": 1.89
        },
        {
          "t": "2026-01-19T22:07:32.480531",
          "p": 1.79
        },
        {
          "t": "2026-01-19T22:13:31.463923",
          "p": 1.89
        },
        {
          "t": "2026-01-19T22:13:31.463923",
          "p": 1.79
        },
        {
          "t": "2026-01-19T22:17:28.004945",
          "p": 1.89
        },
        {
          "t": "2026-01-19T22:17:28.004945",
          "p": 1.79
        },
        {
          "t": "2026-01-19T22:20:36.986454",
          "p": 1.89
        },
        {
          "t": "2026-01-19T22:20:36.986454",
          "p": 1.79
        },
        {
          "t": "2026-01-19T22:26:44.955677",
          "p": 1.89
        },
        {
          "t": "2026-01-19T22:26:44.955677",
          "p": 1.79
        },
        {
          "t": "2026-01-19T22:30:46.681761",
          "p": 1.89
        },
        {
          "t": "2026-01-19T22:30:46.681761",
          "p": 1.79
        },
        {
          "t": "2026-01-19T22:33:10.646038",
          "p": 1.89
        },
        {
          "t": "2026-01-19T22:33:10.646038",
          "p": 1.79
        },
        {
          "t": "2026-01-19T22:36:26.099011",
          "p": 1.89
        },
        {
          "t": "2026-01-19T22:36:26.099011",
          "p": 1.79
        },
        {
          "t": "2026-01-19T22:48:22.096597",
          "p": 1.89
        },
        {
          "t": "2026-01-19T22:48:22.096597",
          "p": 1.79
        },
        {
          "t": "2026-01-19T22:50:44.765709",
          "p": 1.89
        },
        {
          "t": "2026-01-19T22:50:44.765709",
          "p": 1.79
        },
        {
          "t": "2026-01-19T22:52:11.045436",
          "p": 1.89
        },
        {
          "t": "2026-01-19T22:52:11.045436",
          "p": 1.79
        },
        {
          "t": "2026-01-19T22:55:59.587255",
          "p": 1.89
        },
        {
          "t": "2026-01-19T22:55:59.587255",
          "p": 1.79
        },
        {
          "t": "2026-01-19T23:06:30.489722",
          "p": 1.89
        },
        {
          "t": "2026-01-19T23:06:30.489722",
          "p": 1.79
        },
        {
          "t": "2026-01-19T23:28:16.713140",
          "p": 1.89
        },
        {
          "t": "2026-01-19T23:28:16.713140",
          "p": 1.79
        },
        {
          "t": "2026-01-20T20:19:16.356742",
          "p": 2.69
        },
        {
          "t": "2026-01-20T20:19:16.356742",
          "p": 1.79
        },
        {
          "t": "2026-01-26T22:36:20.613384",
          "p": 2.79
        },
        {
          "t": "2026-01-26T22:36:20.613384",
          "p": 1.79
        },
        {
          "t": "2026-01-26T23:38:52.095158",
          "p": 2.79
        },
        {
          "t": "2026-01-26T23:38:52.095158",
          "p": 1.79
        },
        {
          "t": "2026-01-27T10:31:51.707194",
          "p": 2.09
        },
        {
          "t": "2026-01-27T10:31:51.707194",
          "p": 1.79
        },
        {
          "t": "2026-01-27T10:38:06.647216",
          "p": 2.09
        },
        {
          "t": "2026-01-27T10:38:06.647216",
          "p": 1.79
        },
        {
          "t": "2026-01-27T21:37:05.317891",
          "p": 2.09
        },
        {
          "t": "2026-01-27T21:37:05.317891",
          "p": 1.79
        }
      ],
      "latest_price": 1.79,
      "price_per_unit": 3.58,
      "unit_label": "L",
      "url": "https://barbora.ee/toode/hele-olu-budweiser-budvar-5-proc-500-ml",
      "img": "https://cdn.barbora.ee/products/9c15659d-9e2e-4e10-bf87-0fb4d16f85d7_m.png",
      "store": "Barbora",
      "price_per_litre": 3.58,
      "price_per_kg": null,
      "is_sale": false
    },
    "Hele õlu LAPIN KULTA 5,2% 0.5L prk": {
      "category": "Barbora:Heledad Õlled",
      "entries": [
        {
          "t": "2026-01-18T23:21:34.440745",
          "p": 1.69
        },
        {
          "t": "2026-01-26T22:36:20.613384",
          "p": 1.79
        },
        {
          "t": "2026-01-27T10:31:51.707194",
          "p": 1.29
        }
      ],
      "latest_price": 1.29,
      "price_per_unit": 2.58,
      "unit_label": "L",
      "url": "https://barbora.ee/toode/hele-olu-lapin-kulta-5-2-proc-0-5-l-prk",
      "img": "https://cdn.barbora.ee/products/faf8c8c1-857c-4377-94c0-e27d1b3a66a3_m.png",
      "store": "Barbora",
      "price_per_litre": 3.38,
      "price_per_kg": null,
      "is_sale": false
    },
    "Hele õlu PILSNER URQUELL 4.4% 500ml prk": {
      "category": "Barbora:Heledad Õlled",
      "entries": [
        {
          "t": "2026-01-18T23:21:34.440745",
          "p": 2.45
        },
        {
          "t": "2026-01-27T10:31:51.707194",
          "p": 1.99
        }
      ],
      "latest_price": 1.99,
      "price_per_unit": 3.98,
      "unit_label": "L",
      "url": "https://barbora.ee/toode/hele-olu-pilsner-urquell-4-4-proc-500-ml-prk-63129",
      "img": "https://cdn.barbora.ee/products/6867c8b9-2a9e-44a8-bf73-7812492d312c_m.png",
      "store": "Barbora",
      "price_per_litre": 4.9,
      "price_per_kg": null,
      "is_sale": false
    },
    "Hele õlu OETTINGER Pils 4.7% 500ml": {
      "category": "Barbora:Heledad Õlled",
      "entries": [
        {
          "t": "2026-01-18T23:21:34.440745",
          "p": 1.95
        },
        {
          "t": "2026-01-26T23:38:52.095158",
          "p": 1.99
        },
        {
          "t": "2026-01-27T10:31:51.707194",
          "p": 1.59
        }
      ],
      "latest_price": 1.59,
      "price_per_unit": 3.18,
      "unit_label": "L",
      "url": "https://barbora.ee/toode/hele-olu-oettinger-pils-4-7-proc-500-ml",
      "img": "https://cdn.barbora.ee/products/87fdd671-abd7-4e81-82bf-35227b5745c6_m.png",
      "store": "Barbora",
      "price_per_litre": 3.9,
      "price_per_kg": null,
      "is_sale": false
    },
    "Hele õlu STAROPRAMEN Prem.5% 500ml,prk": {
      "category": "Barbora:Heledad Õlled",
      "entries": [
        {
          "t": "2026-01-18T23:21:34.440745",
          "p": 1.39
        }
      ],
      "latest_price": 1.39,
      "price_per_unit": 2.78,
      "unit_label": "L",
      "url": "https://barbora.ee/toode/hele-olu-staropramen-prem-5-proc-500-ml-prk",
      "img": "https://cdn.barbora.ee/products/1e6bd2a7-1042-4931-8f35-609c7a0b5384_m.png",
      "store": "Barbora",
      "price_per_litre": 2.78,
      "price_per_kg": null,
      "is_sale": false
    },
    "Hele õlu PREMIUM 4.7% 500ml A.Le Coq": {
      "category": "Barbora:Heledad Õlled",
      "entries": [
        {
          "t": "2026-01-18T23:21:34.440745",
          "p": 1.69
        },
        {
          "t": "2026-01-26T23:38:52.095158",
          "p": 1.79
        },
        {
          "t": "2026-01-27T10:31:51.707194",
          "p": 1.39
        }
      ],
      "latest_price": 1.39,
      "price_per_unit": 2.78,
      "unit_label": "L",
      "url": "https://barbora.ee/toode/hele-olu-premium-4-7-proc-500-ml-a-le-coq",
      "img": "https://cdn.barbora.ee/products/7f760657-069e-44ad-b630-b4ce8285c2ae_m.png",
      "store": "Barbora",
      "price_per_litre": 3.38,
      "price_per_kg": null,
      "is_sale": false
    },
    "Hele õlu SAKU ROCK 5,3% 500ml PDL": {
      "category": "Barbora:Heledad Õlled",
      "entries": [
        {
          "t": "2026-01-18T23:21:34.440745",
          "p": 1.59
        },
        {
          "t": "2026-01-26T23:38:52.095158",
          "p": 1.69
        },
        {
          "t": "2026-01-27T10:31:51.707194",
          "p": 1.29
        }
      ],
      "latest_price": 1.29,
      "price_per_unit": 2.58,
      "unit_label": "L",
      "url": "https://barbora.ee/toode/hele-olu-saku-rock-5-3-proc-500-ml-pdl",
      "img": "https://cdn.barbora.ee/products/65588b73-b0f2-40ee-a8b3-7a2e1da244c2_m.png",
      "store": "Barbora",
      "price_per_litre": 3.18,
      "price_per_kg": null,
      "is_sale": false
    },
    "Hele õlu PILSNER A.Le Coq 4,2% 500ml": {
      "category": "Barbora:Heledad Õlled",
      "entries": [
        {
          "t": "2026-01-18T23:21:34.440745",
          "p": 1.39
        },
        {
          "t": "2026-01-26T23:38:52.095158",
          "p": 1.59
        },
        {
          "t": "2026-01-27T10:31:51.707194",
          "p": 1.19
        }
      ],
      "latest_price": 1.19,
      "price_per_unit": 2.38,
      "unit_label": "L",
      "url": "https://barbora.ee/toode/hele-olu-pilsner-a-le-coq-4-2-proc-500-ml",
      "img": "https://cdn.barbora.ee/products/c0174e6d-a62a-4b51-84bf-372c6ce46cad_m.png",
      "store": "Barbora",
      "price_per_litre": 2.78,
      "price_per_kg": null,
      "is_sale": false
    },
    "Hele õlu ALEXANDER 5.2% 500ml": {
      "category": "Barbora:Heledad Õlled",
      "entries": [
        {
          "t": "2026-01-18T23:21:34.440745",
          "p": 1.59
        },
        {
          "t": "2026-01-26T23:38:52.095158",
          "p": 1.69
        },
        {
          "t": "2026-01-27T10:31:51.707194",
          "p": 1.29
        }
      ],
      "latest_price": 1.29,
      "price_per_unit": 2.58,
      "unit_label": "L",
      "url": "https://barbora.ee/toode/hele-olu-alexander-5-2-proc-500-ml",
      "img": "https://cdn.barbora.ee/products/a7c56a2a-b751-4c93-bfa0-9e69de86d9e1_m.png",
      "store": "Barbora",
      "price_per_litre": 3.18,
      "price_per_kg": null,
      "is_sale": false
    },
    "Hele õlu DISEL A.Le Coq 5.2% 2L": {
      "category": "Barbora:Heledad Õlled",
      "entries": [
        {
          "t": "2026-01-18T23:21:34.440745",
          "p": 4.59
        },
        {
          "t": "2026-01-26T23:38:52.095158",
          "p": 4.65
        },
        {
          "t": "2026-01-27T10:31:51.707194",
          "p": 3.59
        }
      ],
      "latest_price": 3.59,
      "price_per_unit": 1.8,
      "unit_label": "L",
      "url": "https://barbora.ee/toode/hele-olu-disel-a-le-coq-5-2-proc-2-l",
      "img": "https://cdn.barbora.ee/products/91866fc1-19bc-4077-a841-78ad07bd60ec_m.png",
      "store": "Barbora",
      "price_per_litre": 2.3,
      "price_per_kg": null,
      "is_sale": false
    },
    "Hele õlu PREMIUM A.Le Coq 4.7% 500ml": {
      "category": "Barbora:Heledad Õlled",
      "entries": [
        {
          "t": "2026-01-18T23:21:34.440745",
          "p": 1.75
        },
        {
          "t": "2026-01-26T23:38:52.095158",
          "p": 1.85
        },
        {
          "t": "2026-01-27T10:31:51.707194",
          "p": 1.49
        }
      ],
      "latest_price": 1.49,
      "price_per_unit": 2.98,
      "unit_label": "L",
      "url": "https://barbora.ee/toode/hele-olu-premium-a-le-coq-4-7-proc-500-ml",
      "img": "https://cdn.barbora.ee/products/bf9013ea-b1c6-4020-82d2-42ef8de1a88a_m.png",
      "store": "Barbora",
      "price_per_litre": 3.5,
      "price_per_kg": null,
      "is_sale": false
    },
    "Hele õlu SAKU Kuld 5,2% 500ml prk": {
      "category": "Barbora:Heledad Õlled",
      "entries": [
        {
          "t": "2026-01-18T23:21:34.440745",
          "p": 1.49
        },
        {
          "t": "2026-01-26T23:38:52.095158",
          "p": 1.89
        },
        {
          "t": "2026-01-27T10:31:51.707194",
          "p": 1.49
        }
      ],
      "latest_price": 1.49,
      "price_per_unit": 2.98,
      "unit_label": "L",
      "url": "https://barbora.ee/toode/hele-olu-saku-kuld-5-2-proc-500-ml-prk",
      "img": "https://cdn.barbora.ee/products/2f88cbc5-d15b-4185-bfe1-f9377ec9d727_m.png",
      "store": "Barbora",
      "price_per_litre": 2.98,
      "price_per_kg": null,
      "is_sale": false
    },
    "H.õlu A.Le Coq Premium 4.7% 0.5lx6tk,prk": {
      "category": "Barbora:Heledad Õlled",
      "entries": [
        {
          "t": "2026-01-18T23:21:34.440745",
          "p": 7.79
        }
      ],
      "latest_price": 7.79,
      "price_per_unit": 2.6,
      "unit_label": "L",
      "url": "https://barbora.ee/toode/h-olu-a-le-coq-premium-4-7-proc-0-5-lx-6-tk-prk",
      "img": "https://cdn.barbora.ee/products/3c2f9311-58a8-4785-8688-ab94c8b1c84f_m.png",
      "store": "Barbora",
      "price_per_litre": 2.6,
      "price_per_kg": null,
      "is_sale": false
    },
    "Hele õlu A.Le Coq Special 5,2% 500ml": {
      "category": "Barbora:Heledad Õlled",
      "entries": [
        {
          "t": "2026-01-18T23:21:34.440745",
          "p": 1.75
        },
        {
          "t": "2026-01-26T23:38:52.095158",
          "p": 1.89
        },
        {
          "t": "2026-01-27T10:31:51.707194",
          "p": 1.39
        }
      ],
      "latest_price": 1.39,
      "price_per_unit": 2.78,
      "unit_label": "L",
      "url": "https://barbora.ee/toode/hele-olu-a-le-coq-special-5-2-proc-500-ml",
      "img": "https://cdn.barbora.ee/products/efce41a0-a07c-46d0-9f49-0cfec1aa1dbf_m.png",
      "store": "Barbora",
      "price_per_litre": 3.5,
      "price_per_kg": null,
      "is_sale": false
    },
    "Hele õlu WARSTEINER Premium4.8%500ml": {
      "category": "Barbora:Heledad Õlled",
      "entries": [
        {
          "t": "2026-01-18T23:21:34.440745",
          "p": 1.89
        },
        {
          "t": "2026-01-26T23:38:52.095158",
          "p": 2.05
        },
        {
          "t": "2026-01-27T10:31:51.707194",
          "p": 1.59
        }
      ],
      "latest_price": 1.59,
      "price_per_unit": 3.18,
      "unit_label": "L",
      "url": "https://barbora.ee/toode/hele-olu-warsteiner-premium-4-8-proc-500-ml",
      "img": "https://cdn.barbora.ee/products/5264425c-e40b-4891-9ecf-63f029277eba_m.png",
      "store": "Barbora",
      "price_per_litre": 3.78,
      "price_per_kg": null,
      "is_sale": false
    },
    "Õlu PAULANER Weissbier 5.5% 500ml": {
      "category": "Barbora:Heledad Õlled",
      "entries": [
        {
          "t": "2026-01-18T23:21:34.440745",
          "p": 3.09
        }
      ],
      "latest_price": 3.09,
      "price_per_unit": 6.18,
      "unit_label": "L",
      "url": "https://barbora.ee/toode/olu-paulaner-weissbier-5-5-proc-500-ml",
      "img": "https://cdn.barbora.ee/products/59a7f4f5-236c-4ca2-9069-8aec00b2b4eb_m.png",
      "store": "Barbora",
      "price_per_litre": 6.18,
      "price_per_kg": null,
      "is_sale": false
    },
    "Hele õlu PAULANER Orig.Münchner 4.9%500": {
      "category": "Barbora:Heledad Õlled",
      "entries": [
        {
          "t": "2026-01-18T23:21:34.440745",
          "p": 3.09
        },
        {
          "t": "2026-01-27T10:31:51.707194",
          "p": 2.39
        }
      ],
      "latest_price": 2.39,
      "price_per_unit": 4.78,
      "unit_label": "L",
      "url": "https://barbora.ee/toode/hele-olu-paulaner-orig-munchner-4-9-proc-500",
      "img": "https://cdn.barbora.ee/products/f0984aed-c4f7-4327-8516-28ea5b66339d_m.png",
      "store": "Barbora",
      "price_per_litre": 6.18,
      "price_per_kg": null,
      "is_sale": false
    },
    "Hele õlu GERMANIA Pilsner 4.8% 500ml": {
      "category": "Barbora:Heledad Õlled",
      "entries": [
        {
          "t": "2026-01-18T23:21:34.440745",
          "p": 1.75
        },
        {
          "t": "2026-01-26T22:36:20.613384",
          "p": 1.79
        },
        {
          "t": "2026-01-27T10:31:51.707194",
          "p": 0.99
        }
      ],
      "latest_price": 0.99,
      "price_per_unit": 1.98,
      "unit_label": "L",
      "url": "https://barbora.ee/toode/hele-olu-germania-pilsner-4-8-proc-500-ml",
      "img": "https://cdn.barbora.ee/products/6bcf7e9b-d374-4c97-860d-9df88d7c8238_m.png",
      "store": "Barbora",
      "price_per_litre": 3.5,
      "price_per_kg": null,
      "is_sale": false
    },
    "Hele õlu ALEXANDER 5.2% 568ml, prk": {
      "category": "Barbora:Heledad Õlled",
      "entries": [
        {
          "t": "2026-01-18T23:21:34.440745",
          "p": 1.39
        },
        {
          "t": "2026-01-20T20:19:16.356742",
          "p": 1.69
        },
        {
          "t": "2026-01-26T23:38:52.095158",
          "p": 1.85
        },
        {
          "t": "2026-01-27T10:31:51.707194",
          "p": 1.39
        }
      ],
      "latest_price": 1.39,
      "price_per_unit": 2.45,
      "unit_label": "L",
      "url": "https://barbora.ee/toode/hele-olu-alexander-5-2-proc-568-ml-prk",
      "img": "https://cdn.barbora.ee/products/876454eb-778a-4c8c-8571-095ce01dc208_m.png",
      "store": "Barbora",
      "price_per_litre": 2.45,
      "price_per_kg": null,
      "is_sale": false
    },
    "Hele õlu ESTRELLA Barcelona 4.6% 500ml": {
      "category": "Barbora:Heledad Õlled",
      "entries": [
        {
          "t": "2026-01-18T23:21:34.440745",
          "p": 2.19
        },
        {
          "t": "2026-01-27T10:31:51.707194",
          "p": 1.59
        }
      ],
      "latest_price": 1.59,
      "price_per_unit": 3.18,
      "unit_label": "L",
      "url": "https://barbora.ee/toode/hele-olu-estrella-barcelona-4-6-proc-500-ml",
      "img": "https://cdn.barbora.ee/products/1ea848a0-c097-466d-95f4-ce4aa7345c5c_m.png",
      "store": "Barbora",
      "price_per_litre": 4.38,
      "price_per_kg": null,
      "is_sale": false
    },
    "Hele õlu ALEXANDER 5.2% 568ml 6tk": {
      "category": "Barbora:Heledad Õlled",
      "entries": [
        {
          "t": "2026-01-18T23:21:34.440745",
          "p": 7.99
        },
        {
          "t": "2026-01-26T23:38:52.095158",
          "p": 10.99
        },
        {
          "t": "2026-01-27T10:31:51.707194",
          "p": 7.29
        }
      ],
      "latest_price": 7.29,
      "price_per_unit": 2.14,
      "unit_label": "L",
      "url": "https://barbora.ee/toode/hele-olu-alexander-5-2-proc-568-ml-6-tk",
      "img": "https://cdn.barbora.ee/products/346a6188-e951-4243-a678-a9df4a3755a5_m.png",
      "store": "Barbora",
      "price_per_litre": 2.34,
      "price_per_kg": null,
      "is_sale": false
    },
    "Hele õlu DOUBLE BOCK 7% 500ml": {
      "category": "Barbora:Heledad Õlled",
      "entries": [
        {
          "t": "2026-01-18T23:21:34.440745",
          "p": 1.75
        },
        {
          "t": "2026-01-26T23:38:52.095158",
          "p": 1.79
        },
        {
          "t": "2026-01-27T10:31:51.707194",
          "p": 1.39
        }
      ],
      "latest_price": 1.39,
      "price_per_unit": 2.78,
      "unit_label": "L",
      "url": "https://barbora.ee/toode/hele-olu-double-bock-7-proc-500-ml",
      "img": "https://cdn.barbora.ee/products/e1ae9a3f-42a2-4b3b-9f5f-0a482e5806e2_m.png",
      "store": "Barbora",
      "price_per_litre": 3.5,
      "price_per_kg": null,
      "is_sale": false
    },
    "Hele õlu SAKU Rock 5.3% 0.568l, prk": {
      "category": "Barbora:Heledad Õlled",
      "entries": [
        {
          "t": "2026-01-18T23:21:34.440745",
          "p": 1.49
        }
      ],
      "latest_price": 1.49,
      "price_per_unit": 2.63,
      "unit_label": "L",
      "url": "https://barbora.ee/toode/hele-olu-saku-rock-5-3-proc-0-568-l-prk",
      "img": "https://cdn.barbora.ee/products/d9c12a4b-e2b7-4f37-9844-d4791a034e45_m.png",
      "store": "Barbora",
      "price_per_litre": 2.63,
      "price_per_kg": null,
      "is_sale": false
    },
    "Hele õlu Tuborg Green 4.6% 0.33L pudel": {
      "category": "Barbora:Heledad Õlled",
      "entries": [
        {
          "t": "2026-01-18T23:21:34.440745",
          "p": 1.19
        }
      ],
      "latest_price": 1.19,
      "price_per_unit": 3.61,
      "unit_label": "L",
      "url": "https://barbora.ee/toode/hele-olu-tuborg-green-4-6-proc-0-33-l-pudel",
      "img": "https://cdn.barbora.ee/products/64a5e975-cb10-498d-bd7b-f990986e8db6_m.png",
      "store": "Barbora",
      "price_per_litre": 3.61,
      "price_per_kg": null,
      "is_sale": false
    },
    "Hele õlu EICHBAUM Pilsener 4,8%500ml": {
      "category": "Barbora:Heledad Õlled",
      "entries": [
        {
          "t": "2026-01-18T23:21:34.440745",
          "p": 1.59
        },
        {
          "t": "2026-01-26T22:36:20.613384",
          "p": 1.69
        },
        {
          "t": "2026-01-27T10:31:51.707194",
          "p": 1.19
        }
      ],
      "latest_price": 1.19,
      "price_per_unit": 2.38,
      "unit_label": "L",
      "url": "https://barbora.ee/toode/hele-olu-eichbaum-pilsener-4-8-proc-500-ml",
      "img": "https://cdn.barbora.ee/products/ad0aa3e8-05be-4584-aadd-e85165f42a82_m.png",
      "store": "Barbora",
      "price_per_litre": 3.18,
      "price_per_kg": null,
      "is_sale": false
    },
    "Mõdu SAKU 4% 500ml": {
      "category": "Barbora:Heledad Õlled",
      "entries": [
        {
          "t": "2026-01-18T23:21:34.440745",
          "p": 1.85
        },
        {
          "t": "2026-01-26T23:38:52.095158",
          "p": 1.95
        },
        {
          "t": "2026-01-27T10:31:51.707194",
          "p": 1.39
        }
      ],
      "latest_price": 1.39,
      "price_per_unit": 2.78,
      "unit_label": "L",
      "url": "https://barbora.ee/toode/modu-saku-4-proc-500-ml",
      "img": "https://cdn.barbora.ee/products/5bd0a698-8979-4515-a867-760ef5dc4d27_m.png",
      "store": "Barbora",
      "price_per_litre": 3.7,
      "price_per_kg": null,
      "is_sale": false
    },
    "Punane õlu SAKU Manchester 4.2% 500ml, p": {
      "category": "Barbora:Heledad Õlled",
      "entries": [
        {
          "t": "2026-01-18T23:21:34.440745",
          "p": 1.85
        },
        {
          "t": "2026-01-26T23:38:52.095158",
          "p": 1.95
        },
        {
          "t": "2026-01-27T10:31:51.707194",
          "p": 1.39
        }
      ],
      "latest_price": 1.39,
      "price_per_unit": 2.78,
      "unit_label": "L",
      "url": "https://barbora.ee/toode/punane-olu-saku-manchester-4-2-proc-500-ml-p",
      "img": "https://cdn.barbora.ee/products/13c62737-9bc0-4a57-9506-a66a9cf91d2a_m.png",
      "store": "Barbora",
      "price_per_litre": 3.7,
      "price_per_kg": null,
      "is_sale": false
    },
    "Hele õlu Holsten Premium 4,5% 0,5l purk": {
      "category": "Barbora:Heledad Õlled",
      "entries": [
        {
          "t": "2026-01-18T23:21:34.440745",
          "p": 1.19
        }
      ],
      "latest_price": 1.19,
      "price_per_unit": 2.38,
      "unit_label": "L",
      "url": "https://barbora.ee/toode/hele-olu-holsten-premium-4-5-proc-0-5-l-purk",
      "img": "https://cdn.barbora.ee/products/daeb91da-d171-44b7-8b35-6e7094984e50_m.png",
      "store": "Barbora",
      "price_per_litre": 2.38,
      "price_per_kg": null,
      "is_sale": false
    },
    "Hele õlu SAKU Pilsner 4.2% 500ml": {
      "category": "Barbora:Heledad Õlled",
      "entries": [
        {
          "t": "2026-01-18T23:21:34.440745",
          "p": 1.39
        },
        {
          "t": "2026-01-26T23:38:52.095158",
          "p": 1.49
        },
        {
          "t": "2026-01-27T10:31:51.707194",
          "p": 1.19
        }
      ],
      "latest_price": 1.19,
      "price_per_unit": 2.38,
      "unit_label": "L",
      "url": "https://barbora.ee/toode/hele-olu-saku-pilsner-4-2-proc-500-ml-16428",
      "img": "https://cdn.barbora.ee/products/1761ecee-6664-4af7-bc5e-c145dd0e9274_m.png",
      "store": "Barbora",
      "price_per_litre": 2.78,
      "price_per_kg": null,
      "is_sale": false
    },
    "Hele õlu KARL FRIEDRICH 5% 500ml": {
      "category": "Barbora:Heledad Õlled",
      "entries": [
        {
          "t": "2026-01-18T23:21:34.440745",
          "p": 1.49
        }
      ],
      "latest_price": 1.49,
      "price_per_unit": 2.98,
      "unit_label": "L",
      "url": "https://barbora.ee/toode/hele-olu-karl-friedrich-5-proc-500-ml",
      "img": "https://cdn.barbora.ee/products/d2cc47e9-e167-4673-a9fc-7a7e0736c02d_m.png",
      "store": "Barbora",
      "price_per_litre": 2.98,
      "price_per_kg": null,
      "is_sale": false
    },
    "Hele õlu TUBORG Green 4.6% 6x 330ml": {
      "category": "Barbora:Heledad Õlled",
      "entries": [
        {
          "t": "2026-01-18T23:21:34.440745",
          "p": 8.39
        },
        {
          "t": "2026-01-26T23:38:52.095158",
          "p": 8.75
        },
        {
          "t": "2026-01-27T10:31:51.707194",
          "p": 6.49
        }
      ],
      "latest_price": 6.49,
      "price_per_unit": 3.28,
      "unit_label": "L",
      "url": "https://barbora.ee/toode/hele-olu-tuborg-green-4-6-proc-6-x-330-ml",
      "img": "https://cdn.barbora.ee/products/da7d2d25-fa6e-4a99-bc5a-2e0b75d87be9_m.png",
      "store": "Barbora",
      "price_per_litre": 4.24,
      "price_per_kg": null,
      "is_sale": false
    },
    "Hele õlu BARLEY Classic 4% 0.5L prk": {
      "category": "Barbora:Heledad Õlled",
      "entries": [
        {
          "t": "2026-01-18T23:21:34.440745",
          "p": 1.15
        },
        {
          "t": "2026-01-26T23:38:52.095158",
          "p": 1.29
        },
        {
          "t": "2026-01-27T10:31:51.707194",
          "p": 0.85
        }
      ],
      "latest_price": 0.85,
      "price_per_unit": 1.7,
      "unit_label": "L",
      "url": "https://barbora.ee/toode/hele-olu-barley-classic-4-proc-0-5-l-prk",
      "img": "https://cdn.barbora.ee/products/e7bd2bb2-5003-4779-9d75-e5206fa00cc9_m.png",
      "store": "Barbora",
      "price_per_litre": 2.3,
      "price_per_kg": null,
      "is_sale": false
    },
    "Õlu PAULANER Münchener Hell 4.9% 500ml": {
      "category": "Barbora:Heledad Õlled",
      "entries": [
        {
          "t": "2026-01-18T23:21:34.440745",
          "p": 3.09
        }
      ],
      "latest_price": 3.09,
      "price_per_unit": 6.18,
      "unit_label": "L",
      "url": "https://barbora.ee/toode/olu-paulaner-munchener-hell-4-9-proc-500-ml",
      "img": "https://cdn.barbora.ee/products/7cd5e5fa-91f3-4742-b77b-af7259fb5907_m.png",
      "store": "Barbora",
      "price_per_litre": 6.18,
      "price_per_kg": null,
      "is_sale": false
    },
    "Hele õlu A.LE COQ Prem. 4.7% 6x500ml": {
      "category": "Barbora:Heledad Õlled",
      "entries": [
        {
          "t": "2026-01-18T23:21:34.440745",
          "p": 8.59
        },
        {
          "t": "2026-01-26T23:38:52.095158",
          "p": 9.49
        },
        {
          "t": "2026-01-27T10:31:51.707194",
          "p": 7.99
        }
      ],
      "latest_price": 7.99,
      "price_per_unit": 2.66,
      "unit_label": "L",
      "url": "https://barbora.ee/toode/hele-olu-a-le-coq-prem-4-7-proc-6-x-500-ml",
      "img": "https://cdn.barbora.ee/products/74e2448d-a776-47cd-a06a-f351fac45d3e_m.png",
      "store": "Barbora",
      "price_per_litre": 2.86,
      "price_per_kg": null,
      "is_sale": false
    },
    "Hele õlu ALEXANDER 5.2% 6x500ml": {
      "category": "Barbora:Heledad Õlled",
      "entries": [
        {
          "t": "2026-01-18T23:21:34.440745",
          "p": 9.15
        },
        {
          "t": "2026-01-26T23:38:52.095158",
          "p": 9.49
        },
        {
          "t": "2026-01-27T10:31:51.707194",
          "p": 8.49
        }
      ],
      "latest_price": 8.49,
      "price_per_unit": 2.83,
      "unit_label": "L",
      "url": "https://barbora.ee/toode/hele-olu-alexander-5-2-proc-6-x-500-ml",
      "img": "https://cdn.barbora.ee/products/2e5ed9e9-c909-4c13-a691-5c0ce1936a7e_m.png",
      "store": "Barbora",
      "price_per_litre": 3.05,
      "price_per_kg": null,
      "is_sale": false
    },
    "Hele õlu A.LE COQ Imperial Gold4.8%400ml": {
      "category": "Barbora:Heledad Õlled",
      "entries": [
        {
          "t": "2026-01-18T23:21:34.440745",
          "p": 1.69
        },
        {
          "t": "2026-01-26T23:38:52.095158",
          "p": 1.79
        },
        {
          "t": "2026-01-27T10:31:51.707194",
          "p": 1.29
        }
      ],
      "latest_price": 1.29,
      "price_per_unit": 3.23,
      "unit_label": "L",
      "url": "https://barbora.ee/toode/hele-olu-a-le-coq-imperial-gold-4-8-proc-400-ml",
      "img": "https://cdn.barbora.ee/products/a3dd675b-f47e-47ce-b881-76e333b3608a_m.png",
      "store": "Barbora",
      "price_per_litre": 4.23,
      "price_per_kg": null,
      "is_sale": false
    },
    "Hele õlu KARL FRIEDRICH 5% 568ml": {
      "category": "Barbora:Heledad Õlled",
      "entries": [
        {
          "t": "2026-01-18T23:21:34.440745",
          "p": 1.79
        },
        {
          "t": "2026-01-20T20:19:16.356742",
          "p": 1.39
        },
        {
          "t": "2026-01-26T23:38:52.095158",
          "p": 1.89
        },
        {
          "t": "2026-01-27T10:31:51.707194",
          "p": 1.49
        }
      ],
      "latest_price": 1.49,
      "price_per_unit": 2.63,
      "unit_label": "L",
      "url": "https://barbora.ee/toode/hele-olu-karl-friedrich-5-proc-568-ml",
      "img": "https://cdn.barbora.ee/products/d7b058ee-c2a8-47a3-a051-1bcd244f2932_m.png",
      "store": "Barbora",
      "price_per_litre": 3.15,
      "price_per_kg": null,
      "is_sale": false
    },
    "Hele õlu SAAREMAA Tuulik 4.7% 500ml": {
      "category": "Barbora:Heledad Õlled",
      "entries": [
        {
          "t": "2026-01-18T23:21:34.440745",
          "p": 1.49
        },
        {
          "t": "2026-01-27T10:31:51.707194",
          "p": 1.25
        }
      ],
      "latest_price": 1.25,
      "price_per_unit": 2.5,
      "unit_label": "L",
      "url": "https://barbora.ee/toode/hele-olu-saaremaa-tuulik-4-7-proc-500-ml",
      "img": "https://cdn.barbora.ee/products/e98b958b-d360-45bc-b4d7-849133ccaff3_m.png",
      "store": "Barbora",
      "price_per_litre": 2.98,
      "price_per_kg": null,
      "is_sale": false
    },
    "Hele õlu SAKU ROCK 5,3% 2l": {
      "category": "Barbora:Heledad Õlled",
      "entries": [
        {
          "t": "2026-01-18T23:21:34.440745",
          "p": 4.59
        },
        {
          "t": "2026-01-26T23:38:52.095158",
          "p": 5.09
        },
        {
          "t": "2026-01-27T10:31:51.707194",
          "p": 3.79
        }
      ],
      "latest_price": 3.79,
      "price_per_unit": 1.9,
      "unit_label": "L",
      "url": "https://barbora.ee/toode/hele-olu-saku-rock-5-3-proc-2-l",
      "img": "https://cdn.barbora.ee/products/d29f82bf-d56e-45b1-86e9-f84c2d791562_m.png",
      "store": "Barbora",
      "price_per_litre": 2.3,
      "price_per_kg": null,
      "is_sale": false
    },
    "Hele õlu SAKU ON ICE 5% 0.33l": {
      "category": "Barbora:Heledad Õlled",
      "entries": [
        {
          "t": "2026-01-18T23:21:34.440745",
          "p": 1.35
        },
        {
          "t": "2026-01-26T23:38:52.095158",
          "p": 1.45
        },
        {
          "t": "2026-01-27T10:31:51.707194",
          "p": 1.09
        }
      ],
      "latest_price": 1.09,
      "price_per_unit": 3.3,
      "unit_label": "L",
      "url": "https://barbora.ee/toode/hele-olu-saku-on-ice-5-proc-0-33-l",
      "img": "https://cdn.barbora.ee/products/4edaef1a-3c16-4a2d-8ffe-ed2489fe1555_m.png",
      "store": "Barbora",
      "price_per_litre": 4.09,
      "price_per_kg": null,
      "is_sale": false
    },
    "Spagetid Nr.15 LA MOLISANA 500g": {
      "category": "Barbora:Pasta",
      "entries": [
        {
          "t": "2026-01-18T23:21:34.440745",
          "p": 2.05
        },
        {
          "t": "2026-01-27T10:47:10.945160",
          "p": 2.38
        },
        {
          "t": "2026-01-27T10:53:26.887629",
          "p": 1.19
        }
      ],
      "latest_price": 1.19,
      "price_per_unit": 0.07933333333333333,
      "unit_label": "kg",
      "url": "https://barbora.ee/toode/spagetid-nr-15-la-molisana-500-g",
      "img": "https://cdn.barbora.ee/products/a6f4e4db-dd95-4725-8ffa-f5df1b3ff010_m.png",
      "store": "Barbora",
      "price_per_litre": null,
      "price_per_kg": 4.1,
      "is_sale": false
    },
    "Makaronid Farfalle Nr.66 LA MOLISANA500g": {
      "category": "Barbora:Pasta",
      "entries": [
        {
          "t": "2026-01-18T23:21:34.440745",
          "p": 2.05
        },
        {
          "t": "2026-01-27T10:47:10.945160",
          "p": 2.38
        },
        {
          "t": "2026-01-27T10:53:26.887629",
          "p": 1.19
        }
      ],
      "latest_price": 1.19,
      "price_per_unit": 0.01803030303030303,
      "unit_label": "kg",
      "url": "https://barbora.ee/toode/makaronid-farfalle-nr-66-la-molisana-500-g",
      "img": "https://cdn.barbora.ee/products/848adcf0-0b08-4d6e-8c51-61a6ea7f6cf3_m.png",
      "store": "Barbora",
      "price_per_litre": null,
      "price_per_kg": 4.1,
      "is_sale": false
    },
    "Makaronid lipsukesed BARILLA 500g": {
      "category": "Barbora:Pasta",
      "entries": [
        {
          "t": "2026-01-18T23:21:34.440745",
          "p": 2.35
        }
      ],
      "latest_price": 2.35,
      "price_per_unit": 4.7,
      "unit_label": "kg",
      "url": "https://barbora.ee/toode/makaronid-lipsukesed-barilla-500-g",
      "img": "https://cdn.barbora.ee/products/956b5245-ae3d-43c9-a7d5-874dee931dde_m.png",
      "store": "Barbora",
      "price_per_litre": null,
      "price_per_kg": 4.7,
      "is_sale": false
    },
    "Makaronid Penne Rigate BARILLA 500g": {
      "category": "Barbora:Pasta",
      "entries": [
        {
          "t": "2026-01-18T23:21:34.440745",
          "p": 2.35
        }
      ],
      "latest_price": 2.35,
      "price_per_unit": 4.7,
      "unit_label": "kg",
      "url": "https://barbora.ee/toode/makaronid-penne-rigate-barilla-500-g",
      "img": "https://cdn.barbora.ee/products/1a889a5c-1d2c-42c4-a2a9-6c0b27e57f41_m.png",
      "store": "Barbora",
      "price_per_litre": null,
      "price_per_kg": 4.7,
      "is_sale": false
    },
    "Spagetid BARILLA 500g": {
      "category": "Barbora:Pasta",
      "entries": [
        {
          "t": "2026-01-18T23:21:34.440745",
          "p": 2.35
        }
      ],
      "latest_price": 2.35,
      "price_per_unit": 4.7,
      "unit_label": "kg",
      "url": "https://barbora.ee/toode/spagetid-barilla-500-g",
      "img": "https://cdn.barbora.ee/products/3bfc9c1d-28fc-4701-8efb-f34d118ac956_m.png",
      "store": "Barbora",
      "price_per_litre": null,
      "price_per_kg": 4.7,
      "is_sale": false
    },
    "Makaronid spiraalid BARILLA 500g": {
      "category": "Barbora:Pasta",
      "entries": [
        {
          "t": "2026-01-18T23:21:34.440745",
          "p": 2.35
        }
      ],
      "latest_price": 2.35,
      "price_per_unit": 4.7,
      "unit_label": "kg",
      "url": "https://barbora.ee/toode/makaronid-spiraalid-barilla-500-g",
      "img": "https://cdn.barbora.ee/products/1c02e322-e330-442d-b609-c0687b5ff301_m.png",
      "store": "Barbora",
      "price_per_litre": null,
      "price_per_kg": 4.7,
      "is_sale": false
    },
    "Makaronid Tofe Nr54 DIVELLA 500g": {
      "category": "Barbora:Pasta",
      "entries": [
        {
          "t": "2026-01-18T23:21:34.440745",
          "p": 1.49
        }
      ],
      "latest_price": 1.49,
      "price_per_unit": 2.98,
      "unit_label": "kg",
      "url": "https://barbora.ee/toode/makaronid-tofe-nr-54-divella-500-g",
      "img": "https://cdn.barbora.ee/products/edd82a73-9507-40f7-8e0d-e533e3e29671_m.png",
      "store": "Barbora",
      "price_per_litre": null,
      "price_per_kg": 2.98,
      "is_sale": false
    },
    "Makaronid Fetucine N90 DIVELLA 500g": {
      "category": "Barbora:Pasta",
      "entries": [
        {
          "t": "2026-01-18T23:21:34.440745",
          "p": 2.19
        }
      ],
      "latest_price": 2.19,
      "price_per_unit": 4.38,
      "unit_label": "kg",
      "url": "https://barbora.ee/toode/makaronid-fetucine-n-90-divella-500-g",
      "img": "https://cdn.barbora.ee/products/9b579f05-0a85-4871-8703-e2a3350c5861_m.png",
      "store": "Barbora",
      "price_per_litre": null,
      "price_per_kg": 4.38,
      "is_sale": false
    },
    "Makaronid Farelli (3-värv) DIVELLA 500g": {
      "category": "Barbora:Pasta",
      "entries": [
        {
          "t": "2026-01-18T23:21:34.440745",
          "p": 2.19
        }
      ],
      "latest_price": 2.19,
      "price_per_unit": 4.38,
      "unit_label": "kg",
      "url": "https://barbora.ee/toode/makaronid-farelli-3-varv-divella-500-g",
      "img": "https://cdn.barbora.ee/products/c955a4ae-0e01-419f-92e3-d9bbf29d89f7_m.png",
      "store": "Barbora",
      "price_per_litre": null,
      "price_per_kg": 4.38,
      "is_sale": false
    },
    "Makaron DIVELLA Fusilli (3-värv) 500g": {
      "category": "Barbora:Pasta",
      "entries": [
        {
          "t": "2026-01-18T23:21:34.440745",
          "p": 2.19
        }
      ],
      "latest_price": 2.19,
      "price_per_unit": 4.38,
      "unit_label": "kg",
      "url": "https://barbora.ee/toode/makaron-divella-fusilli-3-varv-500-g",
      "img": "https://cdn.barbora.ee/products/dbae52d5-18c8-40eb-be39-f7487a92db5e_m.png",
      "store": "Barbora",
      "price_per_litre": null,
      "price_per_kg": 4.38,
      "is_sale": false
    },
    "Värviline spagetti DIVELLA 500g": {
      "category": "Barbora:Pasta",
      "entries": [
        {
          "t": "2026-01-18T23:21:34.440745",
          "p": 2.19
        }
      ],
      "latest_price": 2.19,
      "price_per_unit": 4.38,
      "unit_label": "kg",
      "url": "https://barbora.ee/toode/varviline-spagetti-divella-500-g",
      "img": "https://cdn.barbora.ee/products/3f3dc858-b38e-4a23-9f20-5e1182d8cfac_m.png",
      "store": "Barbora",
      "price_per_litre": null,
      "price_per_kg": 4.38,
      "is_sale": false
    },
    "Makaronid Canneloni DIVELLA 250g": {
      "category": "Barbora:Pasta",
      "entries": [
        {
          "t": "2026-01-18T23:21:34.440745",
          "p": 1.49
        }
      ],
      "latest_price": 1.49,
      "price_per_unit": 5.96,
      "unit_label": "kg",
      "url": "https://barbora.ee/toode/makaronid-canneloni-divella-250-g",
      "img": "https://cdn.barbora.ee/products/6c262185-21c0-4f47-a96b-7c63ee8128fe_m.png",
      "store": "Barbora",
      "price_per_litre": null,
      "price_per_kg": 5.96,
      "is_sale": false
    },
    "Makaronid Ditali DIVELLA 500g": {
      "category": "Barbora:Pasta",
      "entries": [
        {
          "t": "2026-01-18T23:21:34.440745",
          "p": 1.49
        }
      ],
      "latest_price": 1.49,
      "price_per_unit": 2.98,
      "unit_label": "kg",
      "url": "https://barbora.ee/toode/makaronid-ditali-divella-500-g",
      "img": "https://cdn.barbora.ee/products/c18b7805-f02e-4e97-b0b7-892e1416c5dc_m.png",
      "store": "Barbora",
      "price_per_litre": null,
      "price_per_kg": 2.98,
      "is_sale": false
    },
    "Makaronid Anellini DIVELLA 500g": {
      "category": "Barbora:Pasta",
      "entries": [
        {
          "t": "2026-01-18T23:21:34.440745",
          "p": 1.49
        }
      ],
      "latest_price": 1.49,
      "price_per_unit": 2.98,
      "unit_label": "kg",
      "url": "https://barbora.ee/toode/makaronid-anellini-divella-500-g",
      "img": "https://cdn.barbora.ee/products/10dab007-7f7a-4523-a5ad-e6fc4699a9c0_m.png",
      "store": "Barbora",
      "price_per_litre": null,
      "price_per_kg": 2.98,
      "is_sale": false
    },
    "Makaronid MezzeManiche N55 DIVELLA 500g": {
      "category": "Barbora:Pasta",
      "entries": [
        {
          "t": "2026-01-18T23:21:34.440745",
          "p": 1.49
        }
      ],
      "latest_price": 1.49,
      "price_per_unit": 2.98,
      "unit_label": "kg",
      "url": "https://barbora.ee/toode/makaronid-mezzemaniche-n-55-divella-500-g",
      "img": "https://cdn.barbora.ee/products/320ff5e6-b71a-48f4-8be3-2e27fec2d693_m.png",
      "store": "Barbora",
      "price_per_litre": null,
      "price_per_kg": 2.98,
      "is_sale": false
    },
    "Makaronid Lumache DIVELLA 500g": {
      "category": "Barbora:Pasta",
      "entries": [
        {
          "t": "2026-01-18T23:21:34.440745",
          "p": 1.49
        }
      ],
      "latest_price": 1.49,
      "price_per_unit": 2.98,
      "unit_label": "kg",
      "url": "https://barbora.ee/toode/makaronid-lumache-divella-500-g",
      "img": "https://cdn.barbora.ee/products/949e2502-3fe2-4abd-b7cd-24cb99d70df4_m.png",
      "store": "Barbora",
      "price_per_litre": null,
      "price_per_kg": 2.98,
      "is_sale": false
    },
    "Makaronid SemeDiCicoria N73 DIVELLA 500g": {
      "category": "Barbora:Pasta",
      "entries": [
        {
          "t": "2026-01-18T23:21:34.440745",
          "p": 1.49
        }
      ],
      "latest_price": 1.49,
      "price_per_unit": 2.98,
      "unit_label": "kg",
      "url": "https://barbora.ee/toode/makaronid-semedicicoria-n-73-divella-500-g",
      "img": "https://cdn.barbora.ee/products/80f412cd-ff29-4b97-83ab-5d54f65597bc_m.png",
      "store": "Barbora",
      "price_per_litre": null,
      "price_per_kg": 2.98,
      "is_sale": false
    },
    "Makaronid Insal.Nr.72 LA MOLISANA 500g": {
      "category": "Barbora:Pasta",
      "entries": [
        {
          "t": "2026-01-18T23:21:34.440745",
          "p": 2.05
        },
        {
          "t": "2026-01-27T10:47:10.945160",
          "p": 2.38
        },
        {
          "t": "2026-01-27T10:53:26.887629",
          "p": 1.19
        }
      ],
      "latest_price": 1.19,
      "price_per_unit": 0.016527777777777777,
      "unit_label": "kg",
      "url": "https://barbora.ee/toode/makaronid-insal-nr-72-la-molisana-500-g",
      "img": "https://cdn.barbora.ee/products/303eabf0-aea7-4874-b1c9-839b4021de2b_m.png",
      "store": "Barbora",
      "price_per_litre": null,
      "price_per_kg": 4.1,
      "is_sale": false
    },
    "Makaronid Farfalline LA MOLISANA 500g": {
      "category": "Barbora:Pasta",
      "entries": [
        {
          "t": "2026-01-18T23:21:34.440745",
          "p": 2.05
        },
        {
          "t": "2026-01-27T10:47:10.945160",
          "p": 2.38
        },
        {
          "t": "2026-01-27T10:53:26.887629",
          "p": 1.19
        }
      ],
      "latest_price": 1.19,
      "price_per_unit": 2.38,
      "unit_label": "kg",
      "url": "https://barbora.ee/toode/makaronid-farfalline-la-molisana-500-g",
      "img": "https://cdn.barbora.ee/products/50249d90-6c78-48a9-ba9a-48e20a88224c_m.png",
      "store": "Barbora",
      "price_per_litre": null,
      "price_per_kg": 4.1,
      "is_sale": false
    },
    "Spagetid Fettuccine Nr12 DIVELLA 500g": {
      "category": "Barbora:Pasta",
      "entries": [
        {
          "t": "2026-01-18T23:21:34.440745",
          "p": 2.19
        }
      ],
      "latest_price": 2.19,
      "price_per_unit": 4.38,
      "unit_label": "kg",
      "url": "https://barbora.ee/toode/spagetid-fettuccine-nr-12-divella-500-g",
      "img": "https://cdn.barbora.ee/products/88ed8c65-33cd-4abf-b51e-b690e02d49b3_m.png",
      "store": "Barbora",
      "price_per_litre": null,
      "price_per_kg": 4.38,
      "is_sale": false
    },
    "Makaronid Paternosti Lisci DIVELLA 500g": {
      "category": "Barbora:Pasta",
      "entries": [
        {
          "t": "2026-01-18T23:21:34.440745",
          "p": 1.49
        }
      ],
      "latest_price": 1.49,
      "price_per_unit": 2.98,
      "unit_label": "kg",
      "url": "https://barbora.ee/toode/makaronid-paternosti-lisci-divella-500-g",
      "img": "https://cdn.barbora.ee/products/91f03149-cd44-480a-b2f8-bae8f7b3192b_m.png",
      "store": "Barbora",
      "price_per_litre": null,
      "price_per_kg": 2.98,
      "is_sale": false
    },
    "Makaronid Fusilli DELVERDE 500g": {
      "category": "Barbora:Pasta",
      "entries": [
        {
          "t": "2026-01-18T23:21:34.440745",
          "p": 2.69
        }
      ],
      "latest_price": 2.69,
      "price_per_unit": 5.38,
      "unit_label": "kg",
      "url": "https://barbora.ee/toode/makaronid-fusilli-delverde-500-g",
      "img": "https://cdn.barbora.ee/products/2825391b-835a-425f-9f6e-cfe03c56f8dc_m.png",
      "store": "Barbora",
      "price_per_litre": null,
      "price_per_kg": 5.38,
      "is_sale": false
    },
    "Makaronid Farfalle DELVERDE 500g": {
      "category": "Barbora:Pasta",
      "entries": [
        {
          "t": "2026-01-18T23:21:34.440745",
          "p": 2.69
        }
      ],
      "latest_price": 2.69,
      "price_per_unit": 5.38,
      "unit_label": "kg",
      "url": "https://barbora.ee/toode/makaronid-farfalle-delverde-500-g",
      "img": "https://cdn.barbora.ee/products/01e79176-9601-43af-a742-7eb7f60510eb_m.png",
      "store": "Barbora",
      "price_per_litre": null,
      "price_per_kg": 5.38,
      "is_sale": false
    },
    "Makar. Capelli D'Andelo DELVERDE 250g": {
      "category": "Barbora:Pasta",
      "entries": [
        {
          "t": "2026-01-18T23:21:34.440745",
          "p": 2.19
        }
      ],
      "latest_price": 2.19,
      "price_per_unit": 8.76,
      "unit_label": "kg",
      "url": "https://barbora.ee/toode/makar-capelli-d-andelo-delverde-250-g",
      "img": "https://cdn.barbora.ee/products/a247b489-e761-496f-b8bc-f8aa22767bd7_m.png",
      "store": "Barbora",
      "price_per_litre": null,
      "price_per_kg": 8.76,
      "is_sale": false
    },
    "Makaronid Fettuccine DELVERDE 250g": {
      "category": "Barbora:Pasta",
      "entries": [
        {
          "t": "2026-01-18T23:21:34.440745",
          "p": 2.19
        }
      ],
      "latest_price": 2.19,
      "price_per_unit": 8.76,
      "unit_label": "kg",
      "url": "https://barbora.ee/toode/makaronid-fettuccine-delverde-250-g",
      "img": "https://cdn.barbora.ee/products/9cdbc93e-e1cf-440c-bd18-d4d12a8fb3a8_m.png",
      "store": "Barbora",
      "price_per_litre": null,
      "price_per_kg": 8.76,
      "is_sale": false
    },
    "Makaron.munaga Tagliat.NidoDELVERDE 250g": {
      "category": "Barbora:Pasta",
      "entries": [
        {
          "t": "2026-01-18T23:21:34.440745",
          "p": 2.19
        }
      ],
      "latest_price": 2.19,
      "price_per_unit": 8.76,
      "unit_label": "kg",
      "url": "https://barbora.ee/toode/makaron-munaga-tagliat-nidodelverde-250-g",
      "img": "https://cdn.barbora.ee/products/74234fd2-fec8-423e-b40c-d773a02e9f48_m.png",
      "store": "Barbora",
      "price_per_litre": null,
      "price_per_kg": 8.76,
      "is_sale": false
    },
    "Makaronid Tagliatelle Spin.DELVERDE 250g": {
      "category": "Barbora:Pasta",
      "entries": [
        {
          "t": "2026-01-18T23:21:34.440745",
          "p": 2.19
        }
      ],
      "latest_price": 2.19,
      "price_per_unit": 8.76,
      "unit_label": "kg",
      "url": "https://barbora.ee/toode/makaronid-tagliatelle-spin-delverde-250-g",
      "img": "https://cdn.barbora.ee/products/07f9f45c-1a56-491c-9d36-47f633890397_m.png",
      "store": "Barbora",
      "price_per_litre": null,
      "price_per_kg": 8.76,
      "is_sale": false
    },
    "Spagetid Bronzo DELVERDE 500g": {
      "category": "Barbora:Pasta",
      "entries": [
        {
          "t": "2026-01-18T23:21:34.440745",
          "p": 2.69
        }
      ],
      "latest_price": 2.69,
      "price_per_unit": 5.38,
      "unit_label": "kg",
      "url": "https://barbora.ee/toode/spagetid-bronzo-delverde-500-g",
      "img": "https://cdn.barbora.ee/products/272b86ae-e683-4179-b2a7-4c12ec822e18_m.png",
      "store": "Barbora",
      "price_per_litre": null,
      "price_per_kg": 5.38,
      "is_sale": false
    },
    "Laastmakaron Nouilles Fines PANZANI 500g": {
      "category": "Barbora:Pasta",
      "entries": [
        {
          "t": "2026-01-18T23:21:34.440745",
          "p": 2.29
        }
      ],
      "latest_price": 2.29,
      "price_per_unit": 4.58,
      "unit_label": "kg",
      "url": "https://barbora.ee/toode/laastmakaron-nouilles-fines-panzani-500-g",
      "img": "https://cdn.barbora.ee/products/62e57a0d-d486-4a14-988a-d7ca6ac8297c_m.png",
      "store": "Barbora",
      "price_per_litre": null,
      "price_per_kg": 4.58,
      "is_sale": false
    },
    "Makaronid Penne Rigate PANZANI 500g": {
      "category": "Barbora:Pasta",
      "entries": [
        {
          "t": "2026-01-18T23:21:34.440745",
          "p": 2.29
        }
      ],
      "latest_price": 2.29,
      "price_per_unit": 4.58,
      "unit_label": "kg",
      "url": "https://barbora.ee/toode/makaronid-penne-rigate-panzani-500-g",
      "img": "https://cdn.barbora.ee/products/66cc334f-3996-4a02-966b-70f7d0d92ca2_m.png",
      "store": "Barbora",
      "price_per_litre": null,
      "price_per_kg": 4.58,
      "is_sale": false
    },
    "Makaronid sarvekesed PANZANI 500g": {
      "category": "Barbora:Pasta",
      "entries": [
        {
          "t": "2026-01-18T23:21:34.440745",
          "p": 2.29
        }
      ],
      "latest_price": 2.29,
      "price_per_unit": 4.58,
      "unit_label": "kg",
      "url": "https://barbora.ee/toode/makaronid-sarvekesed-panzani-500-g",
      "img": "https://cdn.barbora.ee/products/b6ce31ef-696a-4414-a452-a2de53e6054e_m.png",
      "store": "Barbora",
      "price_per_litre": null,
      "price_per_kg": 4.58,
      "is_sale": false
    },
    "Makaronid Serpentini PANZANI 500g": {
      "category": "Barbora:Pasta",
      "entries": [
        {
          "t": "2026-01-18T23:21:34.440745",
          "p": 2.29
        }
      ],
      "latest_price": 2.29,
      "price_per_unit": 4.58,
      "unit_label": "kg",
      "url": "https://barbora.ee/toode/makaronid-serpentini-panzani-500-g",
      "img": "https://cdn.barbora.ee/products/1df28d25-2aa3-423c-a0f1-dd82b100ac8b_m.png",
      "store": "Barbora",
      "price_per_litre": null,
      "price_per_kg": 4.58,
      "is_sale": false
    },
    "Makaronid Macaroni PANZANI 500g": {
      "category": "Barbora:Pasta",
      "entries": [
        {
          "t": "2026-01-18T23:21:34.440745",
          "p": 2.29
        }
      ],
      "latest_price": 2.29,
      "price_per_unit": 4.58,
      "unit_label": "kg",
      "url": "https://barbora.ee/toode/makaronid-macaroni-panzani-500-g",
      "img": "https://cdn.barbora.ee/products/73f345de-72d5-4d43-a665-ed1c9a3a0a23_m.png",
      "store": "Barbora",
      "price_per_litre": null,
      "price_per_kg": 4.58,
      "is_sale": false
    },
    "Makaronid Farfalle PANZANI 500g": {
      "category": "Barbora:Pasta",
      "entries": [
        {
          "t": "2026-01-18T23:21:34.440745",
          "p": 2.29
        }
      ],
      "latest_price": 2.29,
      "price_per_unit": 4.58,
      "unit_label": "kg",
      "url": "https://barbora.ee/toode/makaronid-farfalle-panzani-500-g",
      "img": "https://cdn.barbora.ee/products/39280849-a311-45e3-9514-ca12a0eaf17e_m.png",
      "store": "Barbora",
      "price_per_litre": null,
      "price_per_kg": 4.58,
      "is_sale": false
    },
    "Makaronid Penne Nr.20 LA MOLISANA 500g": {
      "category": "Barbora:Pasta",
      "entries": [
        {
          "t": "2026-01-18T23:21:34.440745",
          "p": 2.05
        },
        {
          "t": "2026-01-27T10:47:10.945160",
          "p": 2.38
        },
        {
          "t": "2026-01-27T10:53:26.887629",
          "p": 1.19
        }
      ],
      "latest_price": 1.19,
      "price_per_unit": 0.0595,
      "unit_label": "kg",
      "url": "https://barbora.ee/toode/makaronid-penne-nr-20-la-molisana-500-g",
      "img": "https://cdn.barbora.ee/products/6b34ac9c-1796-4225-9880-e11231a1f86a_m.png",
      "store": "Barbora",
      "price_per_litre": null,
      "price_per_kg": 4.1,
      "is_sale": false
    },
    "Makaronid Fusilli Nr.28 LA MOLISANA 500g": {
      "category": "Barbora:Pasta",
      "entries": [
        {
          "t": "2026-01-18T23:21:34.440745",
          "p": 2.05
        },
        {
          "t": "2026-01-27T10:47:10.945160",
          "p": 2.38
        },
        {
          "t": "2026-01-27T10:53:26.887629",
          "p": 1.19
        }
      ],
      "latest_price": 1.19,
      "price_per_unit": 0.042499999999999996,
      "unit_label": "kg",
      "url": "https://barbora.ee/toode/makaronid-fusilli-nr-28-la-molisana-500-g",
      "img": "https://cdn.barbora.ee/products/b8e4c8a5-b8eb-4c7a-951c-d4267740e277_m.png",
      "store": "Barbora",
      "price_per_litre": null,
      "price_per_kg": 4.1,
      "is_sale": false
    },
    "Makaron.teokarbid Conchiglie PANZANI500g": {
      "category": "Barbora:Pasta",
      "entries": [
        {
          "t": "2026-01-18T23:21:34.440745",
          "p": 2.29
        }
      ],
      "latest_price": 2.29,
      "price_per_unit": 4.58,
      "unit_label": "kg",
      "url": "https://barbora.ee/toode/makaron-teokarbid-conchiglie-panzani-500-g",
      "img": "https://cdn.barbora.ee/products/162a9649-3da6-4877-9265-3b5702164e32_m.png",
      "store": "Barbora",
      "price_per_litre": null,
      "price_per_kg": 4.58
    },
    "Lasanjeplaadid BARILLA 500g": {
      "category": "Barbora:Pasta",
      "entries": [
        {
          "t": "2026-01-18T23:21:34.440745",
          "p": 4.39
        }
      ],
      "latest_price": 4.39,
      "price_per_unit": 8.78,
      "unit_label": "kg",
      "url": "https://barbora.ee/toode/lasanjeplaadid-barilla-500-g",
      "img": "https://cdn.barbora.ee/products/00f6e76a-82d4-4e0c-81cc-bba4eb702abf_m.png",
      "store": "Barbora",
      "price_per_litre": null,
      "price_per_kg": 8.78,
      "is_sale": false
    },
    "Makaronid Fusilli TARTU MILL 500g": {
      "category": "Barbora:Pasta",
      "entries": [
        {
          "t": "2026-01-18T23:21:34.440745",
          "p": 1.37
        }
      ],
      "latest_price": 1.37,
      "price_per_unit": 2.74,
      "unit_label": "kg",
      "url": "https://barbora.ee/toode/makaronid-fusilli-tartu-mill-500-g",
      "img": "https://cdn.barbora.ee/products/7b0035f2-050a-4c30-9c8b-69c62e46d863_m.png",
      "store": "Barbora",
      "price_per_litre": null,
      "price_per_kg": 2.74,
      "is_sale": false
    },
    "Piiritusjook CAPTAIN MORGAN Spiced Gold, 50 cl": {
      "category": "Selver:Rummid",
      "entries": [
        {
          "t": "2026-01-18T23:21:34.440745",
          "p": 11.99
        },
        {
          "t": "2026-01-27T10:31:51.707194",
          "p": 17.27
        }
      ],
      "latest_price": 17.27,
      "price_per_unit": 34.54,
      "unit_label": "L",
      "url": "https://www.selver.ee/piiritusjook-captain-morgan-spiced-gold-50-cl",
      "img": "https://www.selver.ee/img/450/440/resize/5/0/5000281025360.jpg",
      "store": "Selver",
      "price_per_litre": 23.98,
      "price_per_kg": null,
      "is_sale": false
    },
    "Rumm Don Papa Baroko, DON PAPA, 70 cl": {
      "category": "Selver:Rummid",
      "entries": [
        {
          "t": "2026-01-18T23:21:34.440745",
          "p": 54.78
        }
      ],
      "latest_price": 54.78,
      "price_per_unit": 78.26,
      "unit_label": "L",
      "url": "https://www.selver.ee/rumm-don-papa-baroko-don-papa-70-cl",
      "img": "data:image/gif;base64,R0lGODlhAQABAIAAAAAAAP///yH5BAEAAAAALAAAAAABAAEAAAIBRAA7",
      "store": "Selver",
      "price_per_litre": 78.26,
      "price_per_kg": null,
      "is_sale": false
    },
    "Rumm Don Papa Masskara, DON PAPA, 70 cl": {
      "category": "Selver:Rummid",
      "entries": [
        {
          "t": "2026-01-18T23:21:34.440745",
          "p": 50.72
        }
      ],
      "latest_price": 50.72,
      "price_per_unit": 72.46,
      "unit_label": "L",
      "url": "https://www.selver.ee/rumm-don-papa-masskara-don-papa-70-cl",
      "img": "https://www.selver.ee/img/450/440/resize/4/8/4809015157183.jpg",
      "store": "Selver",
      "price_per_litre": 72.46,
      "price_per_kg": null,
      "is_sale": false
    },
    "Piiritusjook Bacardi Oakheart Spiced 50 cl": {
      "category": "Selver:Rummid",
      "entries": [
        {
          "t": "2026-01-18T23:21:34.440745",
          "p": 12.49
        }
      ],
      "latest_price": 12.49,
      "price_per_unit": 24.98,
      "unit_label": "L",
      "url": "https://www.selver.ee/piiritusjook-bacardi-oakheart-spiced-50-cl-t000083651",
      "img": "https://www.selver.ee/img/450/440/resize/7/6/7610113025413.jpg",
      "store": "Selver",
      "price_per_litre": 24.98,
      "price_per_kg": null,
      "is_sale": false
    },
    "Piiritusjook CAPTAIN MORGAN Spiced, 100 cl": {
      "category": "Selver:Rummid",
      "entries": [
        {
          "t": "2026-01-18T23:21:34.440745",
          "p": 27.9
        },
        {
          "t": "2026-01-26T22:36:20.613384",
          "p": 28.75
        }
      ],
      "latest_price": 28.75,
      "price_per_unit": 28.75,
      "unit_label": "L",
      "url": "https://www.selver.ee/piiritusjook-captain-morgan-spiced-100-cl",
      "img": "https://www.selver.ee/img/450/440/resize/5/0/5000299223055.jpg",
      "store": "Selver",
      "price_per_litre": 27.9,
      "price_per_kg": null,
      "is_sale": false
    },
    "Rumm CARIBBA Negro, 50 cl": {
      "category": "Selver:Rummid",
      "entries": [
        {
          "t": "2026-01-18T23:21:34.440745",
          "p": 9.79
        }
      ],
      "latest_price": 9.79,
      "price_per_unit": 19.58,
      "unit_label": "L",
      "url": "https://www.selver.ee/rumm-caribba-negro-50-cl",
      "img": "https://www.selver.ee/img/450/440/resize/4/7/4740050006022.jpg",
      "store": "Selver",
      "price_per_litre": 19.58,
      "price_per_kg": null,
      "is_sale": false
    },
    "Piiritusjook BACARDI Oakheart Spiced, 100 cl": {
      "category": "Selver:Rummid",
      "entries": [
        {
          "t": "2026-01-18T23:21:34.440745",
          "p": 29.59
        }
      ],
      "latest_price": 29.59,
      "price_per_unit": 29.59,
      "unit_label": "L",
      "url": "https://www.selver.ee/piiritusjook-bacardi-oakheart-spiced-100-cl",
      "img": "https://www.selver.ee/img/450/440/resize/5/0/5010677740012.jpg",
      "store": "Selver",
      "price_per_litre": 29.59,
      "price_per_kg": null,
      "is_sale": false
    },
    "Rumm BACARDI Carta Blanca, 100 cl": {
      "category": "Selver:Rummid",
      "entries": [
        {
          "t": "2026-01-18T23:21:34.440745",
          "p": 36.99
        }
      ],
      "latest_price": 36.99,
      "price_per_unit": 36.99,
      "unit_label": "L",
      "url": "https://www.selver.ee/rumm-bacardi-carta-blanca-100-cl",
      "img": "https://www.selver.ee/img/450/440/resize/5/0/5010677012850.jpg",
      "store": "Selver",
      "price_per_litre": 36.99,
      "price_per_kg": null,
      "is_sale": false
    },
    "Piiritusjook CARIBBA Spiced, 50 cl": {
      "category": "Selver:Rummid",
      "entries": [
        {
          "t": "2026-01-18T23:21:34.440745",
          "p": 8.99
        }
      ],
      "latest_price": 8.99,
      "price_per_unit": 17.98,
      "unit_label": "L",
      "url": "https://www.selver.ee/piiritusjook-caribba-spiced-50-cl",
      "img": "https://www.selver.ee/img/450/440/resize/4/7/4740050006138.jpg",
      "store": "Selver",
      "price_per_litre": 17.98,
      "price_per_kg": null,
      "is_sale": false
    },
    "Rumm CARIBBA Blanco, 50 cl": {
      "category": "Selver:Rummid",
      "entries": [
        {
          "t": "2026-01-18T23:21:34.440745",
          "p": 9.79
        }
      ],
      "latest_price": 9.79,
      "price_per_unit": 19.58,
      "unit_label": "L",
      "url": "https://www.selver.ee/rumm-caribba-blanco-50-cl",
      "img": "https://www.selver.ee/img/450/440/resize/4/7/4740050006008.jpg",
      "store": "Selver",
      "price_per_litre": 19.58,
      "price_per_kg": null,
      "is_sale": false
    },
    "Rumm BACARDI Carta Blanca, 50 cl": {
      "category": "Selver:Rummid",
      "entries": [
        {
          "t": "2026-01-18T23:21:34.440745",
          "p": 13.99
        },
        {
          "t": "2026-01-27T10:31:51.707194",
          "p": 17.47
        }
      ],
      "latest_price": 17.47,
      "price_per_unit": 34.94,
      "unit_label": "L",
      "url": "https://www.selver.ee/rumm-bacardi-carta-blanca-50-cl",
      "img": "data:image/gif;base64,R0lGODlhAQABAIAAAAAAAP///yH5BAEAAAAALAAAAAABAAEAAAIBRAA7",
      "store": "Selver",
      "price_per_litre": 27.98,
      "price_per_kg": null,
      "is_sale": false
    },
    "Rumm BUMBU The Original, 70 cl": {
      "category": "Selver:Rummid",
      "entries": [
        {
          "t": "2026-01-18T23:21:34.440745",
          "p": 50.72
        },
        {
          "t": "2026-01-27T10:31:51.707194",
          "p": 39.99
        }
      ],
      "latest_price": 39.99,
      "price_per_unit": 57.13,
      "unit_label": "L",
      "url": "https://www.selver.ee/rumm-bumbu-the-original-70-cl",
      "img": "data:image/gif;base64,R0lGODlhAQABAIAAAAAAAP///yH5BAEAAAAALAAAAAABAAEAAAIBRAA7",
      "store": "Selver",
      "price_per_litre": 72.46,
      "price_per_kg": null,
      "is_sale": false
    },
    "Rumm CARIBBA Negro, 100 cl": {
      "category": "Selver:Rummid",
      "entries": [
        {
          "t": "2026-01-18T23:21:34.440745",
          "p": 22.65
        }
      ],
      "latest_price": 22.65,
      "price_per_unit": 22.65,
      "unit_label": "L",
      "url": "https://www.selver.ee/rumm-caribba-negro-100-cl",
      "img": "data:image/gif;base64,R0lGODlhAQABAIAAAAAAAP///yH5BAEAAAAALAAAAAABAAEAAAIBRAA7",
      "store": "Selver",
      "price_per_litre": 22.65,
      "price_per_kg": null,
      "is_sale": false
    },
    "Rumm BACARDI Carta Negra, 50 cl": {
      "category": "Selver:Rummid",
      "entries": [
        {
          "t": "2026-01-18T23:21:34.440745",
          "p": 13.99
        },
        {
          "t": "2026-01-27T10:31:51.707194",
          "p": 17.47
        }
      ],
      "latest_price": 17.47,
      "price_per_unit": 34.94,
      "unit_label": "L",
      "url": "https://www.selver.ee/rumm-bacardi-carta-negra-50-cl",
      "img": "data:image/gif;base64,R0lGODlhAQABAIAAAAAAAP///yH5BAEAAAAALAAAAAABAAEAAAIBRAA7",
      "store": "Selver",
      "price_per_litre": 27.98,
      "price_per_kg": null,
      "is_sale": false
    },
    "Rumm CARIBBA Negro, 70 cl": {
      "category": "Selver:Rummid",
      "entries": [
        {
          "t": "2026-01-18T23:21:34.440745",
          "p": 17.25
        }
      ],
      "latest_price": 17.25,
      "price_per_unit": 24.64,
      "unit_label": "L",
      "url": "https://www.selver.ee/rumm-caribba-negro-70-cl",
      "img": "https://www.selver.ee/img/450/440/resize/4/7/4740050006176.jpg",
      "store": "Selver",
      "price_per_litre": 24.64,
      "price_per_kg": null,
      "is_sale": false
    },
    "Piiritusjook Caribba Cherry, 50cl": {
      "category": "Selver:Rummid",
      "entries": [
        {
          "t": "2026-01-18T23:21:34.440745",
          "p": 8.99
        }
      ],
      "latest_price": 8.99,
      "price_per_unit": 17.98,
      "unit_label": "L",
      "url": "https://www.selver.ee/piiritusjook-caribba-cherry-50cl",
      "img": "https://www.selver.ee/img/450/440/resize/4/7/4740050007371.jpg",
      "store": "Selver",
      "price_per_litre": 17.98,
      "price_per_kg": null,
      "is_sale": false
    },
    "Piiritusjook Bacardi Oakheart spiced 70 cl": {
      "category": "Selver:Rummid",
      "entries": [
        {
          "t": "2026-01-18T23:21:34.440745",
          "p": 23.79
        },
        {
          "t": "2026-01-27T10:31:51.707194",
          "p": 15.99
        }
      ],
      "latest_price": 15.99,
      "price_per_unit": 22.84,
      "unit_label": "L",
      "url": "https://www.selver.ee/piiritusjook-bacardi-oakheart-spiced-70-cl",
      "img": "https://www.selver.ee/img/450/440/resize/7/6/7610113025437.jpg",
      "store": "Selver",
      "price_per_litre": 33.99,
      "price_per_kg": null,
      "is_sale": false
    },
    "Rumm BACARDI Carta Blanca, 70 cl": {
      "category": "Selver:Rummid",
      "entries": [
        {
          "t": "2026-01-18T23:21:34.440745",
          "p": 24.2
        },
        {
          "t": "2026-01-27T10:31:51.707194",
          "p": 17.99
        }
      ],
      "latest_price": 17.99,
      "price_per_unit": 25.7,
      "unit_label": "L",
      "url": "https://www.selver.ee/rumm-bacardi-carta-blanca-70-cl",
      "img": "https://www.selver.ee/img/450/440/resize/5/0/5010677013147.jpg",
      "store": "Selver",
      "price_per_litre": 34.57,
      "price_per_kg": null,
      "is_sale": false
    },
    "Rumm CAPTAIN MORGAN Jamaica, 70 cl": {
      "category": "Selver:Rummid",
      "entries": [
        {
          "t": "2026-01-18T23:21:34.440745",
          "p": 25.31
        },
        {
          "t": "2026-01-26T22:36:20.613384",
          "p": 24.99
        }
      ],
      "latest_price": 24.99,
      "price_per_unit": 35.7,
      "unit_label": "L",
      "url": "https://www.selver.ee/rumm-captain-morgan-jamaica-70-cl",
      "img": "https://www.selver.ee/img/450/440/resize/8/7/87000652286.jpg",
      "store": "Selver",
      "price_per_litre": 36.16,
      "price_per_kg": null,
      "is_sale": false
    },
    "Rumm HAVANA CLUB Anejo Especial, 70 cl": {
      "category": "Selver:Rummid",
      "entries": [
        {
          "t": "2026-01-18T23:21:34.440745",
          "p": 27.95
        }
      ],
      "latest_price": 27.95,
      "price_per_unit": 39.93,
      "unit_label": "L",
      "url": "https://www.selver.ee/rumm-havana-club-anejo-especial-70-cl",
      "img": "https://www.selver.ee/img/450/440/resize/8/5/8501110080927.jpg",
      "store": "Selver",
      "price_per_litre": 39.93,
      "price_per_kg": null,
      "is_sale": false
    },
    "Piiritusjook CARIBBA Spiced, 70 cl": {
      "category": "Selver:Rummid",
      "entries": [
        {
          "t": "2026-01-18T23:21:34.440745",
          "p": 13.49
        }
      ],
      "latest_price": 13.49,
      "price_per_unit": 19.27,
      "unit_label": "L",
      "url": "https://www.selver.ee/piiritusjook-caribba-spiced-70-cl",
      "img": "https://www.selver.ee/img/450/440/resize/4/7/4740050006145.jpg",
      "store": "Selver",
      "price_per_litre": 19.27,
      "price_per_kg": null,
      "is_sale": false
    },
    "Rumm BACARDI Carta Blanca, 35 cl": {
      "category": "Selver:Rummid",
      "entries": [
        {
          "t": "2026-01-18T23:21:34.440745",
          "p": 11.55
        }
      ],
      "latest_price": 11.55,
      "price_per_unit": 33.0,
      "unit_label": "L",
      "url": "https://www.selver.ee/rumm-bacardi-carta-blanca-35-cl",
      "img": "https://www.selver.ee/img/450/440/resize/5/0/5010677012232.jpg",
      "store": "Selver",
      "price_per_litre": 33.0,
      "price_per_kg": null,
      "is_sale": false
    },
    "Rumm CARIBBA Blanco, 100 cl": {
      "category": "Selver:Rummid",
      "entries": [
        {
          "t": "2026-01-18T23:21:34.440745",
          "p": 22.65
        }
      ],
      "latest_price": 22.65,
      "price_per_unit": 22.65,
      "unit_label": "L",
      "url": "https://www.selver.ee/rumm-caribba-blanco-100-cl",
      "img": "https://www.selver.ee/img/450/440/resize/4/7/4740050006015.jpg",
      "store": "Selver",
      "price_per_litre": 22.65,
      "price_per_kg": null,
      "is_sale": false
    },
    "Rumm HAVANA CLUB 3YO, 70 cl": {
      "category": "Selver:Rummid",
      "entries": [
        {
          "t": "2026-01-18T23:21:34.440745",
          "p": 20.84
        }
      ],
      "latest_price": 20.84,
      "price_per_unit": 29.77,
      "unit_label": "L",
      "url": "https://www.selver.ee/rumm-havana-club-3yo-70-cl",
      "img": "https://www.selver.ee/img/450/440/resize/8/5/8501110080231.jpg",
      "store": "Selver",
      "price_per_litre": 29.77,
      "price_per_kg": null,
      "is_sale": false
    },
    "Piiritusjook CAPTAIN MORGAN Black Spiced, 70 cl": {
      "category": "Selver:Rummid",
      "entries": [
        {
          "t": "2026-01-18T23:21:34.440745",
          "p": 27.34
        },
        {
          "t": "2026-01-26T22:36:20.613384",
          "p": 27.89
        }
      ],
      "latest_price": 27.89,
      "price_per_unit": 39.84,
      "unit_label": "L",
      "url": "https://www.selver.ee/piiritusjook-captain-morgan-black-spiced-70-cl",
      "img": "https://www.selver.ee/img/450/440/resize/5/0/5000281033273.jpg",
      "store": "Selver",
      "price_per_litre": 39.06,
      "price_per_kg": null,
      "is_sale": false
    },
    "Rumm THE DEMON'S SHARE, 70 cl": {
      "category": "Selver:Rummid",
      "entries": [
        {
          "t": "2026-01-18T23:21:34.440745",
          "p": 35.99
        }
      ],
      "latest_price": 35.99,
      "price_per_unit": 51.41,
      "unit_label": "L",
      "url": "https://www.selver.ee/rumm-the-demon-s-share-70-cl",
      "img": "https://www.selver.ee/img/450/440/resize/8/0/8009366980379.jpg",
      "store": "Selver",
      "price_per_litre": 51.41,
      "price_per_kg": null,
      "is_sale": false
    },
    "Rumm CAPTAIN MORGAN White, 70 cl": {
      "category": "Selver:Rummid",
      "entries": [
        {
          "t": "2026-01-18T23:21:34.440745",
          "p": 22.9
        },
        {
          "t": "2026-01-26T22:36:20.613384",
          "p": 23.25
        }
      ],
      "latest_price": 23.25,
      "price_per_unit": 33.21,
      "unit_label": "L",
      "url": "https://www.selver.ee/rumm-captain-morgan-white-70-cl",
      "img": "https://www.selver.ee/img/450/440/resize/5/0/5000281040899.jpg",
      "store": "Selver",
      "price_per_litre": 32.71,
      "price_per_kg": null,
      "is_sale": false
    },
    "Piiritusjook HAVANA CLUB Cuban Spiced, 70 cl": {
      "category": "Selver:Rummid",
      "entries": [
        {
          "t": "2026-01-18T23:21:34.440745",
          "p": 27.95
        }
      ],
      "latest_price": 27.95,
      "price_per_unit": 39.93,
      "unit_label": "L",
      "url": "https://www.selver.ee/piiritusjook-havana-club-cuban-spiced-70-cl",
      "img": "https://www.selver.ee/img/450/440/resize/8/5/8501110084185.jpg",
      "store": "Selver",
      "price_per_litre": 39.93,
      "price_per_kg": null,
      "is_sale": false
    },
    "Rumm FLOR DE CANA 12 YO 70 cl": {
      "category": "Selver:Rummid",
      "entries": [
        {
          "t": "2026-01-18T23:21:34.440745",
          "p": 43.39
        }
      ],
      "latest_price": 43.39,
      "price_per_unit": 61.99,
      "unit_label": "L",
      "url": "https://www.selver.ee/rumm-flor-de-cana-12-yo-70-cl",
      "img": "https://www.selver.ee/img/450/440/resize/7/4/7431008107003.jpg",
      "store": "Selver",
      "price_per_litre": 61.99,
      "price_per_kg": null,
      "is_sale": false
    },
    "Rumm BACARDI Carta Negra, 70cl": {
      "category": "Selver:Rummid",
      "entries": [
        {
          "t": "2026-01-18T23:21:34.440745",
          "p": 24.2
        },
        {
          "t": "2026-01-27T10:31:51.707194",
          "p": 17.99
        }
      ],
      "latest_price": 17.99,
      "price_per_unit": 25.7,
      "unit_label": "L",
      "url": "https://www.selver.ee/rumm-bacardi-carta-negra-70cl",
      "img": "https://www.selver.ee/img/450/440/resize/7/6/7610113004814.jpg",
      "store": "Selver",
      "price_per_litre": 34.57,
      "price_per_kg": null,
      "is_sale": false
    },
    "Rumm FLOR DE CANA 4 YO 70 cl": {
      "category": "Selver:Rummid",
      "entries": [
        {
          "t": "2026-01-18T23:21:34.440745",
          "p": 22.45
        }
      ],
      "latest_price": 22.45,
      "price_per_unit": 32.07,
      "unit_label": "L",
      "url": "https://www.selver.ee/rumm-flor-de-cana-4-yo-70-cl",
      "img": "https://www.selver.ee/img/450/440/resize/7/4/7431008101001.jpg",
      "store": "Selver",
      "price_per_litre": 32.07,
      "price_per_kg": null,
      "is_sale": false
    },
    "Rumm HAVANA CLUB Anejo 7YO, 70cl": {
      "category": "Selver:Rummid",
      "entries": [
        {
          "t": "2026-01-18T23:21:34.440745",
          "p": 36.08
        }
      ],
      "latest_price": 36.08,
      "price_per_unit": 51.54,
      "unit_label": "L",
      "url": "https://www.selver.ee/rumm-havana-club-anejo-7yo-70cl",
      "img": "https://www.selver.ee/img/450/440/resize/8/5/8501110080439.jpg",
      "store": "Selver",
      "price_per_litre": 51.54,
      "price_per_kg": null,
      "is_sale": false
    },
    "Piiritusjook BACARDI Spiced, 100 cl": {
      "category": "Selver:Rummid",
      "entries": [
        {
          "t": "2026-01-18T23:21:34.440745",
          "p": 34.89
        }
      ],
      "latest_price": 34.89,
      "price_per_unit": 34.89,
      "unit_label": "L",
      "url": "https://www.selver.ee/piiritusjook-bacardi-spiced-100-cl",
      "img": "https://www.selver.ee/img/450/440/resize/7/6/7610113007495.jpg",
      "store": "Selver",
      "price_per_litre": 34.89,
      "price_per_kg": null,
      "is_sale": false
    },
    "Rumm CAPTAIN MORGAN Dark, 100cl": {
      "category": "Selver:Rummid",
      "entries": [
        {
          "t": "2026-01-18T23:21:34.440745",
          "p": 34.46
        }
      ],
      "latest_price": 34.46,
      "price_per_unit": 34.46,
      "unit_label": "L",
      "url": "https://www.selver.ee/rumm-captain-morgan-dark-100cl",
      "img": "data:image/gif;base64,R0lGODlhAQABAIAAAAAAAP///yH5BAEAAAAALAAAAAABAAEAAAIBRAA7",
      "store": "Selver",
      "price_per_litre": 34.46,
      "price_per_kg": null,
      "is_sale": false
    },
    "Rumm Peninuki White 70 cl": {
      "category": "Selver:Rummid",
      "entries": [
        {
          "t": "2026-01-18T23:21:34.440745",
          "p": 33.44
        }
      ],
      "latest_price": 33.44,
      "price_per_unit": 47.77,
      "unit_label": "L",
      "url": "https://www.selver.ee/rumm-peninuki-white-70-cl",
      "img": "data:image/gif;base64,R0lGODlhAQABAIAAAAAAAP///yH5BAEAAAAALAAAAAABAAEAAAIBRAA7",
      "store": "Selver",
      "price_per_litre": 47.77,
      "price_per_kg": null,
      "is_sale": false
    },
    "Rumm Peninuki Dark 70 cl": {
      "category": "Selver:Rummid",
      "entries": [
        {
          "t": "2026-01-18T23:21:34.440745",
          "p": 33.44
        }
      ],
      "latest_price": 33.44,
      "price_per_unit": 47.77,
      "unit_label": "L",
      "url": "https://www.selver.ee/rumm-peninuki-dark-70-cl",
      "img": "data:image/gif;base64,R0lGODlhAQABAIAAAAAAAP///yH5BAEAAAAALAAAAAABAAEAAAIBRAA7",
      "store": "Selver",
      "price_per_litre": 47.77,
      "price_per_kg": null,
      "is_sale": false
    },
    "Rumm Planteray Original Dark 70 cl": {
      "category": "Selver:Rummid",
      "entries": [
        {
          "t": "2026-01-18T23:21:34.440745",
          "p": 21.99
        },
        {
          "t": "2026-01-27T10:31:51.707194",
          "p": 26.99
        }
      ],
      "latest_price": 26.99,
      "price_per_unit": 38.56,
      "unit_label": "L",
      "url": "https://www.selver.ee/rumm-planteray-original-dark-70-cl",
      "img": "https://www.selver.ee/img/450/440/resize/3/4/3460410538499.jpg",
      "store": "Selver",
      "price_per_litre": 31.41,
      "price_per_kg": null,
      "is_sale": false
    },
    "Rumm Planteray Barbados Grande Reserve 70 cl": {
      "category": "Selver:Rummid",
      "entries": [
        {
          "t": "2026-01-18T23:21:34.440745",
          "p": 31.29
        },
        {
          "t": "2026-01-27T10:31:51.707194",
          "p": 25.99
        }
      ],
      "latest_price": 25.99,
      "price_per_unit": 37.13,
      "unit_label": "L",
      "url": "https://www.selver.ee/rumm-planteray-barbados-grande-reserve-70-cl",
      "img": "https://www.selver.ee/img/450/440/resize/3/4/3460410538536.jpg",
      "store": "Selver",
      "price_per_litre": 44.7,
      "price_per_kg": null,
      "is_sale": false
    },
    "Rumm Planteray 3 Stars Artisanal 70 cl": {
      "category": "Selver:Rummid",
      "entries": [
        {
          "t": "2026-01-18T23:21:34.440745",
          "p": 28.09
        }
      ],
      "latest_price": 28.09,
      "price_per_unit": 40.13,
      "unit_label": "L",
      "url": "https://www.selver.ee/rumm-planteray-3-stars-artisanal-70-cl",
      "img": "https://www.selver.ee/img/450/440/resize/3/4/3460410538482.jpg",
      "store": "Selver",
      "price_per_litre": 40.13,
      "price_per_kg": null,
      "is_sale": false
    },
    "Rumm Planteray XO 20th Anniversary kinkekarbis 70 cl": {
      "category": "Selver:Rummid",
      "entries": [
        {
          "t": "2026-01-18T23:21:34.440745",
          "p": 63.99
        }
      ],
      "latest_price": 63.99,
      "price_per_unit": 91.41,
      "unit_label": "L",
      "url": "https://www.selver.ee/rumm-planteray-xo-20th-anniversary-kinkekarbis-70-cl",
      "img": "https://www.selver.ee/img/450/440/resize/3/4/3460410538581.jpg",
      "store": "Selver",
      "price_per_litre": 91.41,
      "price_per_kg": null,
      "is_sale": false
    },
    "Rumm Serum Mamie": {
      "category": "Selver:Rummid",
      "entries": [
        {
          "t": "2026-01-18T23:21:34.440745",
          "p": 39.09
        }
      ],
      "latest_price": 39.09,
      "price_per_unit": 55.84,
      "unit_label": "L",
      "url": "https://www.selver.ee/rumm-serum-mamie",
      "img": "https://www.selver.ee/img/450/440/resize/8/5/8595676600286.jpg",
      "store": "Selver",
      "price_per_litre": 55.84,
      "price_per_kg": null,
      "is_sale": false
    },
    "Piiritusjook Bacardi Razz 70 cl": {
      "category": "Selver:Rummid",
      "entries": [
        {
          "t": "2026-01-18T23:21:34.440745",
          "p": 23.99
        },
        {
          "t": "2026-01-27T10:31:51.707194",
          "p": 18.99
        }
      ],
      "latest_price": 18.99,
      "price_per_unit": 27.13,
      "unit_label": "L",
      "url": "https://www.selver.ee/piiritusjook-bacardi-razz-70-cl-t000087488",
      "img": "https://www.selver.ee/img/450/440/resize/7/6/7610113028124.jpg",
      "store": "Selver",
      "price_per_litre": 34.27,
      "price_per_kg": null,
      "is_sale": false
    },
    "Makaronid Puntine TARTU MILL 500g": {
      "category": "Barbora:Pasta",
      "entries": [
        {
          "t": "2026-01-19T21:26:14.224999",
          "p": 1.37
        }
      ],
      "latest_price": 1.37,
      "price_per_unit": 2.74,
      "unit_label": "kg",
      "url": "https://barbora.ee/toode/makaronid-puntine-tartu-mill-500-g",
      "img": "https://cdn.barbora.ee/products/d98f1437-5e52-46ae-ad43-220d39ca6ba5_m.png",
      "store": "Barbora",
      "price_per_litre": null,
      "price_per_kg": 2.74,
      "is_sale": false
    },
    "Durumnisupasta Fusilli Tartu Mill 500g": {
      "store": "Rimi",
      "category": "RIMI Pasta",
      "url": "https://www.rimi.ee/epood/ee/tooted/kauasailivad-toidukaubad/makaronid-ja-riis/makaronid-pasta/durumnisupasta-fusilli-tartu-mill-500g/p/163427",
      "img": "https://rimibaltic-res.cloudinary.com/image/upload/b_white,c_limit,dpr_auto,f_auto,q_auto:low,w_auto/d_ecommerce:backend-fallback.png/MAT_163427_PCE_EE",
      "latest_price": 1.25,
      "price_per_unit": 0.0,
      "unit_label": "L"
    },
    "Makaron Knees-sarveke Rimi Smart 400g": {
      "store": "Rimi",
      "category": "RIMI Pasta",
      "url": "https://www.rimi.ee/epood/ee/tooted/kauasailivad-toidukaubad/makaronid-ja-riis/makaronid-pasta/makaron-knees-sarveke-rimi-smart-400g/p/804228",
      "img": "https://rimibaltic-res.cloudinary.com/image/upload/b_white,c_limit,dpr_auto,f_auto,q_auto:low,w_auto/d_ecommerce:backend-fallback.png/MAT_804228_PCE_EE",
      "latest_price": 0.28,
      "price_per_unit": 0.0,
      "unit_label": "L"
    },
    "Makaronid Fusilli Presto 400g": {
      "store": "Rimi",
      "category": "RIMI Pasta",
      "url": "https://www.rimi.ee/epood/ee/tooted/kauasailivad-toidukaubad/makaronid-ja-riis/makaronid-pasta/makaronid-fusilli-presto-400g/p/153297",
      "img": "https://rimibaltic-res.cloudinary.com/image/upload/b_white,c_limit,dpr_auto,f_auto,q_auto:low,w_auto/d_ecommerce:backend-fallback.png/MAT_153297_PCE_EE",
      "latest_price": 0.79,
      "price_per_unit": 0.0,
      "unit_label": "L"
    },
    "Makaronid Chiffari Lisci Tartu Mill 500g": {
      "store": "Rimi",
      "category": "RIMI Pasta",
      "url": "https://www.rimi.ee/epood/ee/tooted/kauasailivad-toidukaubad/makaronid-ja-riis/makaronid-pasta/makaronid-chiffari-lisci-tartu-mill-500g/p/176285",
      "img": "https://rimibaltic-res.cloudinary.com/image/upload/b_white,c_limit,dpr_auto,f_auto,q_auto:low,w_auto/d_ecommerce:backend-fallback.png/MAT_176285_PCE_EE",
      "latest_price": 1.39,
      "price_per_unit": 0.0,
      "unit_label": "L"
    },
    "Makaronid Fusilli Rimi Smart 400g": {
      "store": "Rimi",
      "category": "RIMI Pasta",
      "url": "https://www.rimi.ee/epood/ee/tooted/kauasailivad-toidukaubad/makaronid-ja-riis/makaronid-pasta/makaronid-fusilli-rimi-smart-400g/p/804231",
      "img": "https://rimibaltic-res.cloudinary.com/image/upload/b_white,c_limit,dpr_auto,f_auto,q_auto:low,w_auto/d_ecommerce:backend-fallback.png/MAT_804231_PCE_EE",
      "latest_price": 0.45,
      "price_per_unit": 0.0,
      "unit_label": "L"
    },
    "Makaronid Spaghetti nr.7 Tartu Mill 500g": {
      "store": "Rimi",
      "category": "RIMI Pasta",
      "url": "https://www.rimi.ee/epood/ee/tooted/kauasailivad-toidukaubad/makaronid-ja-riis/makaronid-pasta/makaronid-spaghetti-nr-7-tartu-mill-500g/p/176286",
      "img": "https://rimibaltic-res.cloudinary.com/image/upload/b_white,c_limit,dpr_auto,f_auto,q_auto:low,w_auto/d_ecommerce:backend-fallback.png/MAT_176286_PCE_EE",
      "latest_price": 1.39,
      "price_per_unit": 0.0,
      "unit_label": "L"
    },
    "Makaronid durum Linguine Tartu Mill 500g": {
      "store": "Rimi",
      "category": "RIMI Pasta",
      "url": "https://www.rimi.ee/epood/ee/tooted/kauasailivad-toidukaubad/makaronid-ja-riis/makaronid-pasta/makaronid-durum-linguine-tartu-mill-500g/p/176297",
      "img": "https://rimibaltic-res.cloudinary.com/image/upload/b_white,c_limit,dpr_auto,f_auto,q_auto:low,w_auto/d_ecommerce:backend-fallback.png/MAT_176297_PCE_EE",
      "latest_price": 1.39,
      "price_per_unit": 0.0,
      "unit_label": "L"
    },
    "Durumnisupasta Spaghetti Nr.7 Tartu Mill 1kg": {
      "store": "Rimi",
      "category": "RIMI Pasta",
      "url": "https://www.rimi.ee/epood/ee/tooted/kauasailivad-toidukaubad/makaronid-ja-riis/makaronid-pasta/durumnisupasta-spaghetti-nr-7-tartu-mill-1kg/p/182955",
      "img": "https://rimibaltic-res.cloudinary.com/image/upload/b_white,c_limit,dpr_auto,f_auto,q_auto:low,w_auto/d_ecommerce:backend-fallback.png/MAT_182955_PCE_EE",
      "latest_price": 2.69,
      "price_per_unit": 0.0,
      "unit_label": "L"
    },
    "Makaronid Penne Presto 400g": {
      "store": "Rimi",
      "category": "RIMI Pasta",
      "url": "https://www.rimi.ee/epood/ee/tooted/kauasailivad-toidukaubad/makaronid-ja-riis/makaronid-pasta/makaronid-penne-presto-400g/p/153296",
      "img": "https://rimibaltic-res.cloudinary.com/image/upload/b_white,c_limit,dpr_auto,f_auto,q_auto:low,w_auto/d_ecommerce:backend-fallback.png/MAT_153296_PCE_EE",
      "latest_price": 0.79,
      "price_per_unit": 0.0,
      "unit_label": "L"
    },
    "Makaronid Fusilli Panzani 1kg": {
      "store": "Rimi",
      "category": "RIMI Pasta",
      "url": "https://www.rimi.ee/epood/ee/tooted/kauasailivad-toidukaubad/makaronid-ja-riis/makaronid-pasta/makaronid-fusilli-panzani-1kg/p/170123",
      "img": "https://rimibaltic-res.cloudinary.com/image/upload/b_white,c_limit,dpr_auto,f_auto,q_auto:low,w_auto/d_ecommerce:backend-fallback.png/MAT_170123_PCE_EE",
      "latest_price": 4.29,
      "price_per_unit": 0.0,
      "unit_label": "L"
    },
    "Spagetid Rimi Smart 400g": {
      "store": "Rimi",
      "category": "RIMI Pasta",
      "url": "https://www.rimi.ee/epood/ee/tooted/kauasailivad-toidukaubad/makaronid-ja-riis/makaronid-pasta/spagetid-rimi-smart-400g/p/804230",
      "img": "https://rimibaltic-res.cloudinary.com/image/upload/b_white,c_limit,dpr_auto,f_auto,q_auto:low,w_auto/d_ecommerce:backend-fallback.png/MAT_804230_PCE_EE",
      "latest_price": 0.49,
      "price_per_unit": 0.0,
      "unit_label": "L"
    },
    "Makaronid Spaghetti Panzani 1kg": {
      "store": "Rimi",
      "category": "RIMI Pasta",
      "url": "https://www.rimi.ee/epood/ee/tooted/kauasailivad-toidukaubad/makaronid-ja-riis/makaronid-pasta/makaronid-spaghetti-panzani-1kg/p/164498",
      "img": "https://rimibaltic-res.cloudinary.com/image/upload/b_white,c_limit,dpr_auto,f_auto,q_auto:low,w_auto/d_ecommerce:backend-fallback.png/MAT_164498_PCE_EE",
      "latest_price": 4.29,
      "price_per_unit": 0.0,
      "unit_label": "L"
    },
    "Durumnisupasta Penne Tartu Mill 500g": {
      "store": "Rimi",
      "category": "RIMI Pasta",
      "url": "https://www.rimi.ee/epood/ee/tooted/kauasailivad-toidukaubad/makaronid-ja-riis/makaronid-pasta/durumnisupasta-penne-tartu-mill-500g/p/163426",
      "img": "https://rimibaltic-res.cloudinary.com/image/upload/b_white,c_limit,dpr_auto,f_auto,q_auto:low,w_auto/d_ecommerce:backend-fallback.png/MAT_163426_PCE_EE",
      "latest_price": 1.39,
      "price_per_unit": 0.0,
      "unit_label": "L"
    },
    "Makaronid durum Ditali Lisci Tartu Mill 500g": {
      "store": "Rimi",
      "category": "RIMI Pasta",
      "url": "https://www.rimi.ee/epood/ee/tooted/kauasailivad-toidukaubad/makaronid-ja-riis/makaronid-pasta/makaronid-durum-ditali-lisci-tartu-mill-500g/p/181857",
      "img": "https://rimibaltic-res.cloudinary.com/image/upload/b_white,c_limit,dpr_auto,f_auto,q_auto:low,w_auto/d_ecommerce:backend-fallback.png/MAT_181857_PCE_EE",
      "latest_price": 1.39,
      "price_per_unit": 0.0,
      "unit_label": "L"
    },
    "Makaronid Conchigle Rimi Planet 500g": {
      "store": "Rimi",
      "category": "RIMI Pasta",
      "url": "https://www.rimi.ee/epood/ee/tooted/kauasailivad-toidukaubad/makaronid-ja-riis/makaronid-pasta/makaronid-conchigle-rimi-planet-500g/p/801171",
      "img": "https://rimibaltic-res.cloudinary.com/image/upload/b_white,c_limit,dpr_auto,f_auto,q_auto:low,w_auto/d_ecommerce:backend-fallback.png/MAT_801171_PCE_EE",
      "latest_price": 1.25,
      "price_per_unit": 0.0,
      "unit_label": "L"
    },
    "Makaronid Gigli Selection by Rimi 500g": {
      "store": "Rimi",
      "category": "RIMI Pasta",
      "url": "https://www.rimi.ee/epood/ee/tooted/kauasailivad-toidukaubad/makaronid-ja-riis/makaronid-pasta/makaronid-gigli-selection-by-rimi-500g/p/806907",
      "img": "https://rimibaltic-res.cloudinary.com/image/upload/b_white,c_limit,dpr_auto,f_auto,q_auto:low,w_auto/d_ecommerce:backend-fallback.png/MAT_806907_PCE_EE",
      "latest_price": 2.25,
      "price_per_unit": 0.0,
      "unit_label": "L"
    },
    "Makaronid Farfalle Rimi PLanet 500g": {
      "store": "Rimi",
      "category": "RIMI Pasta",
      "url": "https://www.rimi.ee/epood/ee/tooted/kauasailivad-toidukaubad/makaronid-ja-riis/makaronid-pasta/makaronid-farfalle-rimi-planet-500g/p/801277",
      "img": "https://rimibaltic-res.cloudinary.com/image/upload/b_white,c_limit,dpr_auto,f_auto,q_auto:low,w_auto/d_ecommerce:backend-fallback.png/MAT_801277_PCE_EE",
      "latest_price": 1.25,
      "price_per_unit": 0.0,
      "unit_label": "L"
    },
    "Durumnisupasta Fusilli Tartu Mill 1kg": {
      "store": "Rimi",
      "category": "RIMI Pasta",
      "url": "https://www.rimi.ee/epood/ee/tooted/kauasailivad-toidukaubad/makaronid-ja-riis/makaronid-pasta/durumnisupasta-fusilli-tartu-mill-1kg/p/182932",
      "img": "https://rimibaltic-res.cloudinary.com/image/upload/b_white,c_limit,dpr_auto,f_auto,q_auto:low,w_auto/d_ecommerce:backend-fallback.png/MAT_182932_PCE_EE",
      "latest_price": 2.79,
      "price_per_unit": 0.0,
      "unit_label": "L"
    },
    "Makaronid tomati&basiilikuga Selection 500g": {
      "store": "Rimi",
      "category": "RIMI Pasta",
      "url": "https://www.rimi.ee/epood/ee/tooted/kauasailivad-toidukaubad/makaronid-ja-riis/makaronid-pasta/makaronid-tomati-basiilikuga-selection-500g/p/806904",
      "img": "https://rimibaltic-res.cloudinary.com/image/upload/b_white,c_limit,dpr_auto,f_auto,q_auto:low,w_auto/d_ecommerce:backend-fallback.png/MAT_806904_PCE_EE",
      "latest_price": 2.25,
      "price_per_unit": 0.0,
      "unit_label": "L"
    },
    "Durumnisupasta Puntine Tartu Mill 500g": {
      "store": "Rimi",
      "category": "RIMI Pasta",
      "url": "https://www.rimi.ee/epood/ee/tooted/kauasailivad-toidukaubad/makaronid-ja-riis/makaronid-pasta/durumnisupasta-puntine-tartu-mill-500g/p/1012588",
      "img": "https://rimibaltic-res.cloudinary.com/image/upload/b_white,c_limit,dpr_auto,f_auto,q_auto:low,w_auto/d_ecommerce:backend-fallback.png/MAT_1012588_PCE_EE",
      "latest_price": 1.39,
      "price_per_unit": 0.0,
      "unit_label": "L"
    },
    "Pasta Fusilli Barilla 500g": {
      "store": "Rimi",
      "category": "RIMI Pasta",
      "url": "https://www.rimi.ee/epood/ee/tooted/kauasailivad-toidukaubad/makaronid-ja-riis/makaronid-pasta/pasta-fusilli-barilla-500g/p/136903",
      "img": "https://rimibaltic-res.cloudinary.com/image/upload/b_white,c_limit,dpr_auto,f_auto,q_auto:low,w_auto/d_ecommerce:backend-fallback.png/MAT_136903_PCE_EE",
      "latest_price": 1.69,
      "price_per_unit": 0.0,
      "unit_label": "L"
    },
    "Makaronid Cornetti Presto 400g": {
      "store": "Rimi",
      "category": "RIMI Pasta",
      "url": "https://www.rimi.ee/epood/ee/tooted/kauasailivad-toidukaubad/makaronid-ja-riis/makaronid-pasta/makaronid-cornetti-presto-400g/p/161121",
      "img": "https://rimibaltic-res.cloudinary.com/image/upload/b_white,c_limit,dpr_auto,f_auto,q_auto:low,w_auto/d_ecommerce:backend-fallback.png/MAT_161121_PCE_EE",
      "latest_price": 0.79,
      "price_per_unit": 0.0,
      "unit_label": "L"
    },
    "Durumnisupasta Cornetti Tartu Mill 500g": {
      "store": "Rimi",
      "category": "RIMI Pasta",
      "url": "https://www.rimi.ee/epood/ee/tooted/kauasailivad-toidukaubad/makaronid-ja-riis/makaronid-pasta/durumnisupasta-cornetti-tartu-mill-500g/p/163428",
      "img": "https://rimibaltic-res.cloudinary.com/image/upload/b_white,c_limit,dpr_auto,f_auto,q_auto:low,w_auto/d_ecommerce:backend-fallback.png/MAT_163428_PCE_EE",
      "latest_price": 1.39,
      "price_per_unit": 0.0,
      "unit_label": "L"
    },
    "Durumnisupasta Penne Tartu Mill 1kg": {
      "store": "Rimi",
      "category": "RIMI Pasta",
      "url": "https://www.rimi.ee/epood/ee/tooted/kauasailivad-toidukaubad/makaronid-ja-riis/makaronid-pasta/durumnisupasta-penne-tartu-mill-1kg/p/182954",
      "img": "https://rimibaltic-res.cloudinary.com/image/upload/b_white,c_limit,dpr_auto,f_auto,q_auto:low,w_auto/d_ecommerce:backend-fallback.png/MAT_182954_PCE_EE",
      "latest_price": 2.79,
      "price_per_unit": 0.0,
      "unit_label": "L"
    },
    "Durumnisupasta Cornetti Tartu Mill 1kg": {
      "store": "Rimi",
      "category": "RIMI Pasta",
      "url": "https://www.rimi.ee/epood/ee/tooted/kauasailivad-toidukaubad/makaronid-ja-riis/makaronid-pasta/durumnisupasta-cornetti-tartu-mill-1kg/p/182973",
      "img": "https://rimibaltic-res.cloudinary.com/image/upload/b_white,c_limit,dpr_auto,f_auto,q_auto:low,w_auto/d_ecommerce:backend-fallback.png/MAT_182973_PCE_EE",
      "latest_price": 2.69,
      "price_per_unit": 0.0,
      "unit_label": "L"
    },
    "Durumnisupasta Filini Tartu Mill 500g": {
      "store": "Rimi",
      "category": "RIMI Pasta",
      "url": "https://www.rimi.ee/epood/ee/tooted/kauasailivad-toidukaubad/makaronid-ja-riis/makaronid-pasta/durumnisupasta-filini-tartu-mill-500g/p/163431",
      "img": "https://rimibaltic-res.cloudinary.com/image/upload/b_white,c_limit,dpr_auto,f_auto,q_auto:low,w_auto/d_ecommerce:backend-fallback.png/MAT_163431_PCE_EE",
      "latest_price": 1.39,
      "price_per_unit": 0.0,
      "unit_label": "L"
    },
    "Makaronid Penne Rigate Panzani 1kg": {
      "store": "Rimi",
      "category": "RIMI Pasta",
      "url": "https://www.rimi.ee/epood/ee/tooted/kauasailivad-toidukaubad/makaronid-ja-riis/makaronid-pasta/makaronid-penne-rigate-panzani-1kg/p/170101",
      "img": "https://rimibaltic-res.cloudinary.com/image/upload/b_white,c_limit,dpr_auto,f_auto,q_auto:low,w_auto/d_ecommerce:backend-fallback.png/MAT_170101_PCE_EE",
      "latest_price": 4.29,
      "price_per_unit": 0.0,
      "unit_label": "L"
    },
    "Makaronid Maccheroni Lisci Tartu Mill 500g": {
      "store": "Rimi",
      "category": "RIMI Pasta",
      "url": "https://www.rimi.ee/epood/ee/tooted/kauasailivad-toidukaubad/makaronid-ja-riis/makaronid-pasta/makaronid-maccheroni-lisci-tartu-mill-500g/p/181842",
      "img": "https://rimibaltic-res.cloudinary.com/image/upload/b_white,c_limit,dpr_auto,f_auto,q_auto:low,w_auto/d_ecommerce:backend-fallback.png/MAT_181842_PCE_EE",
      "latest_price": 1.39,
      "price_per_unit": 0.0,
      "unit_label": "L"
    },
    "Makaronid Strozzapreti Selection by Rimi 500g": {
      "store": "Rimi",
      "category": "RIMI Pasta",
      "url": "https://www.rimi.ee/epood/ee/tooted/kauasailivad-toidukaubad/makaronid-ja-riis/makaronid-pasta/makaronid-strozzapreti-selection-by-rimi-500g/p/810527",
      "img": "https://rimibaltic-res.cloudinary.com/image/upload/b_white,c_limit,dpr_auto,f_auto,q_auto:low,w_auto/d_ecommerce:backend-fallback.png/MAT_810527_PCE_EE",
      "latest_price": 2.25,
      "price_per_unit": 0.0,
      "unit_label": "L"
    },
    "Makaronid nuudlid Rimi Smart 400g": {
      "store": "Rimi",
      "category": "RIMI Pasta",
      "url": "https://www.rimi.ee/epood/ee/tooted/kauasailivad-toidukaubad/makaronid-ja-riis/makaronid-pasta/makaronid-nuudlid-rimi-smart-400g/p/804229",
      "img": "https://rimibaltic-res.cloudinary.com/image/upload/b_white,c_limit,dpr_auto,f_auto,q_auto:low,w_auto/d_ecommerce:backend-fallback.png/MAT_804229_PCE_EE",
      "latest_price": 0.45,
      "price_per_unit": 0.0,
      "unit_label": "L"
    },
    "Makaronid Penne Rigate Barilla 500g": {
      "store": "Rimi",
      "category": "RIMI Pasta",
      "url": "https://www.rimi.ee/epood/ee/tooted/kauasailivad-toidukaubad/makaronid-ja-riis/makaronid-pasta/makaronid-penne-rigate-barilla-500g/p/106536",
      "img": "https://rimibaltic-res.cloudinary.com/image/upload/b_white,c_limit,dpr_auto,f_auto,q_auto:low,w_auto/d_ecommerce:backend-fallback.png/MAT_106536_PCE_EE",
      "latest_price": 1.69,
      "price_per_unit": 0.0,
      "unit_label": "L"
    },
    "Makaron Cornetti Rimi 500g": {
      "store": "Rimi",
      "category": "RIMI Pasta",
      "url": "https://www.rimi.ee/epood/ee/tooted/kauasailivad-toidukaubad/makaronid-ja-riis/makaronid-pasta/makaron-cornetti-rimi-500g/p/801170",
      "img": "https://rimibaltic-res.cloudinary.com/image/upload/b_white,c_limit,dpr_auto,f_auto,q_auto:low,w_auto/d_ecommerce:backend-fallback.png/MAT_801170_PCE_EE",
      "latest_price": 1.29,
      "price_per_unit": 0.0,
      "unit_label": "L"
    },
    "Pasta Fettuccine Barilla 500g": {
      "store": "Rimi",
      "category": "RIMI Pasta",
      "url": "https://www.rimi.ee/epood/ee/tooted/kauasailivad-toidukaubad/makaronid-ja-riis/makaronid-pasta/pasta-fettuccine-barilla-500g/p/159968",
      "img": "https://rimibaltic-res.cloudinary.com/image/upload/b_white,c_limit,dpr_auto,f_auto,q_auto:low,w_auto/d_ecommerce:backend-fallback.png/MAT_159968_PCE_EE",
      "latest_price": 3.09,
      "price_per_unit": 0.0,
      "unit_label": "L"
    },
    "Makaronid Spaghetti Pasta Reggia 500g": {
      "store": "Rimi",
      "category": "RIMI Pasta",
      "url": "https://www.rimi.ee/epood/ee/tooted/kauasailivad-toidukaubad/makaronid-ja-riis/makaronid-pasta/makaronid-spaghetti-pasta-reggia-500g/p/153367",
      "img": "https://rimibaltic-res.cloudinary.com/image/upload/b_white,c_limit,dpr_auto,f_auto,q_auto:low,w_auto/d_ecommerce:backend-fallback.png/MAT_153367_PCE_EE",
      "latest_price": 1.85,
      "price_per_unit": 0.0,
      "unit_label": "L"
    },
    "Makaronid tofe Pasta Reggia 500g": {
      "store": "Rimi",
      "category": "RIMI Pasta",
      "url": "https://www.rimi.ee/epood/ee/tooted/kauasailivad-toidukaubad/makaronid-ja-riis/makaronid-pasta/makaronid-tofe-pasta-reggia-500g/p/1002751",
      "img": "https://rimibaltic-res.cloudinary.com/image/upload/b_white,c_limit,dpr_auto,f_auto,q_auto:low,w_auto/d_ecommerce:backend-fallback.png/MAT_1002751_PCE_EE",
      "latest_price": 1.85,
      "price_per_unit": 0.0,
      "unit_label": "L"
    },
    "Makaronid Spaghetti nr.5 Panzani 500g": {
      "store": "Rimi",
      "category": "RIMI Pasta",
      "url": "https://www.rimi.ee/epood/ee/tooted/kauasailivad-toidukaubad/makaronid-ja-riis/makaronid-pasta/makaronid-spaghetti-nr-5-panzani-500g/p/118579",
      "img": "https://rimibaltic-res.cloudinary.com/image/upload/b_white,c_limit,dpr_auto,f_auto,q_auto:low,w_auto/d_ecommerce:backend-fallback.png/MAT_118579_PCE_EE",
      "latest_price": 1.75,
      "price_per_unit": 0.0,
      "unit_label": "L"
    },
    "Makaronid Spaghetti Rimi 500g": {
      "store": "Rimi",
      "category": "RIMI Pasta",
      "url": "https://www.rimi.ee/epood/ee/tooted/kauasailivad-toidukaubad/makaronid-ja-riis/makaronid-pasta/makaronid-spaghetti-rimi-500g/p/801167",
      "img": "https://rimibaltic-res.cloudinary.com/image/upload/b_white,c_limit,dpr_auto,f_auto,q_auto:low,w_auto/d_ecommerce:backend-fallback.png/MAT_801167_PCE_EE",
      "latest_price": 1.29,
      "price_per_unit": 0.0,
      "unit_label": "L"
    },
    "Spiraalid Torti Panzani 3kg": {
      "store": "Rimi",
      "category": "RIMI Pasta",
      "url": "https://www.rimi.ee/epood/ee/tooted/kauasailivad-toidukaubad/makaronid-ja-riis/makaronid-pasta/spiraalid-torti-panzani-3kg/p/1019722",
      "img": "https://rimibaltic-res.cloudinary.com/image/upload/b_white,c_limit,dpr_auto,f_auto,q_auto:low,w_auto/d_ecommerce:backend-fallback.png/MAT_1019722_PCE_EE",
      "latest_price": 11.99,
      "price_per_unit": 0.0,
      "unit_label": "L"
    },
    "Pasta „LaMolisana“ Fusilli 500g": {
      "store": "Rimi",
      "category": "RIMI Pasta",
      "url": "https://www.rimi.ee/epood/ee/tooted/kauasailivad-toidukaubad/makaronid-ja-riis/makaronid-pasta/pasta-lamolisana-fusilli-500g/p/189817",
      "img": "https://rimibaltic-res.cloudinary.com/image/upload/b_white,c_limit,dpr_auto,f_auto,q_auto:low,w_auto/d_ecommerce:backend-fallback.png/MAT_189817_PCE_EE",
      "latest_price": 2.05,
      "price_per_unit": 0.0,
      "unit_label": "L"
    },
    "Makaronid Penne Rigate Rimi 500g": {
      "store": "Rimi",
      "category": "RIMI Pasta",
      "url": "https://www.rimi.ee/epood/ee/tooted/kauasailivad-toidukaubad/makaronid-ja-riis/makaronid-pasta/makaronid-penne-rigate-rimi-500g/p/801168",
      "img": "https://rimibaltic-res.cloudinary.com/image/upload/b_white,c_limit,dpr_auto,f_auto,q_auto:low,w_auto/d_ecommerce:backend-fallback.png/MAT_801168_PCE_EE",
      "latest_price": 1.29,
      "price_per_unit": 0.0,
      "unit_label": "L"
    },
    "Pasta Ditalini väike toruke Pasta Reggia 500g": {
      "store": "Rimi",
      "category": "RIMI Pasta",
      "url": "https://www.rimi.ee/epood/ee/tooted/kauasailivad-toidukaubad/makaronid-ja-riis/makaronid-pasta/pasta-ditalini-vaike-toruke-pasta-reggia-500g/p/165298",
      "img": "https://rimibaltic-res.cloudinary.com/image/upload/b_white,c_limit,dpr_auto,f_auto,q_auto:low,w_auto/d_ecommerce:backend-fallback.png/MAT_165298_PCE_EE",
      "latest_price": 1.85,
      "price_per_unit": 0.0,
      "unit_label": "L"
    },
    "Makaronid Chifferini Panzani 500g": {
      "store": "Rimi",
      "category": "RIMI Pasta",
      "url": "https://www.rimi.ee/epood/ee/tooted/kauasailivad-toidukaubad/makaronid-ja-riis/makaronid-pasta/makaronid-chifferini-panzani-500g/p/118576",
      "img": "https://rimibaltic-res.cloudinary.com/image/upload/b_white,c_limit,dpr_auto,f_auto,q_auto:low,w_auto/d_ecommerce:backend-fallback.png/MAT_118576_PCE_EE",
      "latest_price": 2.29,
      "price_per_unit": 0.0,
      "unit_label": "L"
    },
    "Makaronid Vermicelli Rimi 500g": {
      "store": "Rimi",
      "category": "RIMI Pasta",
      "url": "https://www.rimi.ee/epood/ee/tooted/kauasailivad-toidukaubad/makaronid-ja-riis/makaronid-pasta/makaronid-vermicelli-rimi-500g/p/801276",
      "img": "https://rimibaltic-res.cloudinary.com/image/upload/b_white,c_limit,dpr_auto,f_auto,q_auto:low,w_auto/d_ecommerce:backend-fallback.png/MAT_801276_PCE_EE",
      "latest_price": 1.29,
      "price_per_unit": 0.0,
      "unit_label": "L"
    },
    "Makaronid Lumacoli Selection by Rimi 500g": {
      "store": "Rimi",
      "category": "RIMI Pasta",
      "url": "https://www.rimi.ee/epood/ee/tooted/kauasailivad-toidukaubad/makaronid-ja-riis/makaronid-pasta/makaronid-lumacoli-selection-by-rimi-500g/p/803297",
      "img": "https://rimibaltic-res.cloudinary.com/image/upload/b_white,c_limit,dpr_auto,f_auto,q_auto:low,w_auto/d_ecommerce:backend-fallback.png/MAT_803297_PCE_EE",
      "latest_price": 2.85,
      "price_per_unit": 0.0,
      "unit_label": "L"
    },
    "Pasta Spagettini Barilla 500g": {
      "store": "Rimi",
      "category": "RIMI Pasta",
      "url": "https://www.rimi.ee/epood/ee/tooted/kauasailivad-toidukaubad/makaronid-ja-riis/makaronid-pasta/pasta-spagettini-barilla-500g/p/169294",
      "img": "https://rimibaltic-res.cloudinary.com/image/upload/b_white,c_limit,dpr_auto,f_auto,q_auto:low,w_auto/d_ecommerce:backend-fallback.png/MAT_169294_PCE_EE",
      "latest_price": 2.35,
      "price_per_unit": 0.0,
      "unit_label": "L"
    },
    "Väikesed sarvekesed Coquillette Panzani 3kg": {
      "store": "Rimi",
      "category": "RIMI Pasta",
      "url": "https://www.rimi.ee/epood/ee/tooted/kauasailivad-toidukaubad/makaronid-ja-riis/makaronid-pasta/vaikesed-sarvekesed-coquillette-panzani-3kg/p/1019716",
      "img": "https://rimibaltic-res.cloudinary.com/image/upload/b_white,c_limit,dpr_auto,f_auto,q_auto:low,w_auto/d_ecommerce:backend-fallback.png/MAT_1019716_PCE_EE",
      "latest_price": 11.99,
      "price_per_unit": 0.0,
      "unit_label": "L"
    },
    "Makaronid Spaghetti nr.5 Barilla 500g": {
      "store": "Rimi",
      "category": "RIMI Pasta",
      "url": "https://www.rimi.ee/epood/ee/tooted/kauasailivad-toidukaubad/makaronid-ja-riis/makaronid-pasta/makaronid-spaghetti-nr-5-barilla-500g/p/136916",
      "img": "https://rimibaltic-res.cloudinary.com/image/upload/b_white,c_limit,dpr_auto,f_auto,q_auto:low,w_auto/d_ecommerce:backend-fallback.png/MAT_136916_PCE_EE",
      "latest_price": 2.35,
      "price_per_unit": 0.0,
      "unit_label": "L"
    },
    "Makaronid Fusilli Pasta Reggia 500g": {
      "store": "Rimi",
      "category": "RIMI Pasta",
      "url": "https://www.rimi.ee/epood/ee/tooted/kauasailivad-toidukaubad/makaronid-ja-riis/makaronid-pasta/makaronid-fusilli-pasta-reggia-500g/p/153352",
      "img": "https://rimibaltic-res.cloudinary.com/image/upload/b_white,c_limit,dpr_auto,f_auto,q_auto:low,w_auto/d_ecommerce:backend-fallback.png/MAT_153352_PCE_EE",
      "latest_price": 1.85,
      "price_per_unit": 0.0,
      "unit_label": "L"
    },
    "Makaronid Elbows Pasta Reggia 500g": {
      "store": "Rimi",
      "category": "RIMI Pasta",
      "url": "https://www.rimi.ee/epood/ee/tooted/kauasailivad-toidukaubad/makaronid-ja-riis/makaronid-pasta/makaronid-elbows-pasta-reggia-500g/p/153353",
      "img": "https://rimibaltic-res.cloudinary.com/image/upload/b_white,c_limit,dpr_auto,f_auto,q_auto:low,w_auto/d_ecommerce:backend-fallback.png/MAT_153353_PCE_EE",
      "latest_price": 1.85,
      "price_per_unit": 0.0,
      "unit_label": "L"
    },
    "Makaronid Fusilloni Selection by Rimi 500g": {
      "store": "Rimi",
      "category": "RIMI Pasta",
      "url": "https://www.rimi.ee/epood/ee/tooted/kauasailivad-toidukaubad/makaronid-ja-riis/makaronid-pasta/makaronid-fusilloni-selection-by-rimi-500g/p/803295",
      "img": "https://rimibaltic-res.cloudinary.com/image/upload/b_white,c_limit,dpr_auto,f_auto,q_auto:low,w_auto/d_ecommerce:backend-fallback.png/MAT_803295_PCE_EE",
      "latest_price": 2.85,
      "price_per_unit": 0.0,
      "unit_label": "L"
    },
    "Durumnisupasta Farfalle Tartu Mill 500g": {
      "store": "Rimi",
      "category": "RIMI Pasta",
      "url": "https://www.rimi.ee/epood/ee/tooted/kauasailivad-toidukaubad/makaronid-ja-riis/makaronid-pasta/durumnisupasta-farfalle-tartu-mill-500g/p/1012586",
      "img": "https://rimibaltic-res.cloudinary.com/image/upload/b_white,c_limit,dpr_auto,f_auto,q_auto:low,w_auto/d_ecommerce:backend-fallback.png/MAT_1012586_PCE_EE",
      "latest_price": 1.39,
      "price_per_unit": 0.0,
      "unit_label": "L"
    },
    "Kartuli Gnocchid Gourmante 500g": {
      "store": "Rimi",
      "category": "RIMI Pasta",
      "url": "https://www.rimi.ee/epood/ee/tooted/kauasailivad-toidukaubad/makaronid-ja-riis/makaronid-pasta/kartuli-gnocchid-gourmante-500g/p/1017696",
      "img": "https://rimibaltic-res.cloudinary.com/image/upload/b_white,c_limit,dpr_auto,f_auto,q_auto:low,w_auto/d_ecommerce:backend-fallback.png/MAT_1017696_PCE_EE",
      "latest_price": 2.85,
      "price_per_unit": 0.0,
      "unit_label": "L"
    },
    "Liitnuudlid Linguine Pasta Reggia 500g": {
      "store": "Rimi",
      "category": "RIMI Pasta",
      "url": "https://www.rimi.ee/epood/ee/tooted/kauasailivad-toidukaubad/makaronid-ja-riis/makaronid-pasta/liitnuudlid-linguine-pasta-reggia-500g/p/153369",
      "img": "https://rimibaltic-res.cloudinary.com/image/upload/b_white,c_limit,dpr_auto,f_auto,q_auto:low,w_auto/d_ecommerce:backend-fallback.png/MAT_153369_PCE_EE",
      "latest_price": 1.85,
      "price_per_unit": 0.0,
      "unit_label": "L"
    },
    "Makaronid Spaghetti I Love Eco 500g": {
      "store": "Rimi",
      "category": "RIMI Pasta",
      "url": "https://www.rimi.ee/epood/ee/tooted/kauasailivad-toidukaubad/makaronid-ja-riis/makaronid-pasta/makaronid-spaghetti-i-love-eco-500g/p/809954",
      "img": "https://rimibaltic-res.cloudinary.com/image/upload/b_white,c_limit,dpr_auto,f_auto,q_auto:low,w_auto/d_ecommerce:backend-fallback.png/MAT_809954_PCE_EE",
      "latest_price": 2.45,
      "price_per_unit": 0.0,
      "unit_label": "L"
    },
    "Pasta Farfalle Barilla 500g": {
      "store": "Rimi",
      "category": "RIMI Pasta",
      "url": "https://www.rimi.ee/epood/ee/tooted/kauasailivad-toidukaubad/makaronid-ja-riis/makaronid-pasta/pasta-farfalle-barilla-500g/p/106543",
      "img": "https://rimibaltic-res.cloudinary.com/image/upload/b_white,c_limit,dpr_auto,f_auto,q_auto:low,w_auto/d_ecommerce:backend-fallback.png/MAT_106543_PCE_EE",
      "latest_price": 2.35,
      "price_per_unit": 0.0,
      "unit_label": "L"
    },
    "Makaronid Spirali Rimi 500g": {
      "store": "Rimi",
      "category": "RIMI Pasta",
      "url": "https://www.rimi.ee/epood/ee/tooted/kauasailivad-toidukaubad/makaronid-ja-riis/makaronid-pasta/makaronid-spirali-rimi-500g/p/801275",
      "img": "https://rimibaltic-res.cloudinary.com/image/upload/b_white,c_limit,dpr_auto,f_auto,q_auto:low,w_auto/d_ecommerce:backend-fallback.png/MAT_801275_PCE_EE",
      "latest_price": 1.29,
      "price_per_unit": 0.0,
      "unit_label": "L"
    },
    "Pasta Piccolini Mini Farfalle Barilla 500g": {
      "store": "Rimi",
      "category": "RIMI Pasta",
      "url": "https://www.rimi.ee/epood/ee/tooted/kauasailivad-toidukaubad/makaronid-ja-riis/makaronid-pasta/pasta-piccolini-mini-farfalle-barilla-500g/p/169810",
      "img": "https://rimibaltic-res.cloudinary.com/image/upload/b_white,c_limit,dpr_auto,f_auto,q_auto:low,w_auto/d_ecommerce:backend-fallback.png/MAT_169810_PCE_EE",
      "latest_price": 2.35,
      "price_per_unit": 0.0,
      "unit_label": "L"
    },
    "Makaronid Chiffari Lisci Nr.183 Presto 400g": {
      "store": "Rimi",
      "category": "RIMI Pasta",
      "url": "https://www.rimi.ee/epood/ee/tooted/kauasailivad-toidukaubad/makaronid-ja-riis/makaronid-pasta/makaronid-chiffari-lisci-nr-183-presto-400g/p/1017258",
      "img": "https://rimibaltic-res.cloudinary.com/image/upload/b_white,c_limit,dpr_auto,f_auto,q_auto:low,w_auto/d_ecommerce:backend-fallback.png/MAT_1017258_PCE_EE",
      "latest_price": 0.76,
      "price_per_unit": 0.0,
      "unit_label": "L"
    },
    "Makaronid Conchiglette Presto 400g": {
      "store": "Rimi",
      "category": "RIMI Pasta",
      "url": "https://www.rimi.ee/epood/ee/tooted/kauasailivad-toidukaubad/makaronid-ja-riis/makaronid-pasta/makaronid-conchiglette-presto-400g/p/1017265",
      "img": "https://rimibaltic-res.cloudinary.com/image/upload/b_white,c_limit,dpr_auto,f_auto,q_auto:low,w_auto/d_ecommerce:backend-fallback.png/MAT_1017265_PCE_EE",
      "latest_price": 0.75,
      "price_per_unit": 0.0,
      "unit_label": "L"
    },
    "Pasta munaga tagliatelle Panzani 400g": {
      "store": "Rimi",
      "category": "RIMI Pasta",
      "url": "https://www.rimi.ee/epood/ee/tooted/kauasailivad-toidukaubad/makaronid-ja-riis/makaronid-pasta/pasta-munaga-tagliatelle-panzani-400g/p/1004152",
      "img": "https://rimibaltic-res.cloudinary.com/image/upload/b_white,c_limit,dpr_auto,f_auto,q_auto:low,w_auto/d_ecommerce:backend-fallback.png/MAT_1004152_PCE_EE",
      "latest_price": 3.29,
      "price_per_unit": 0.0,
      "unit_label": "L"
    },
    "Niitnuudlid Spaghetti Tagliati Reggia 500g": {
      "store": "Rimi",
      "category": "RIMI Pasta",
      "url": "https://www.rimi.ee/epood/ee/tooted/kauasailivad-toidukaubad/makaronid-ja-riis/makaronid-pasta/niitnuudlid-spaghetti-tagliati-reggia-500g/p/153341",
      "img": "https://rimibaltic-res.cloudinary.com/image/upload/b_white,c_limit,dpr_auto,f_auto,q_auto:low,w_auto/d_ecommerce:backend-fallback.png/MAT_153341_PCE_EE",
      "latest_price": 1.85,
      "price_per_unit": 0.0,
      "unit_label": "L"
    },
    "Durum pasta Fusilli Tricolore Tartu Mill 500g": {
      "store": "Rimi",
      "category": "RIMI Pasta",
      "url": "https://www.rimi.ee/epood/ee/tooted/kauasailivad-toidukaubad/makaronid-ja-riis/makaronid-pasta/durum-pasta-fusilli-tricolore-tartu-mill-500g/p/1012578",
      "img": "https://rimibaltic-res.cloudinary.com/image/upload/b_white,c_limit,dpr_auto,f_auto,q_auto:low,w_auto/d_ecommerce:backend-fallback.png/MAT_1012578_PCE_EE",
      "latest_price": 1.85,
      "price_per_unit": 0.0,
      "unit_label": "L"
    },
    "Makaronid Macaroni Panzani 3kg": {
      "store": "Rimi",
      "category": "RIMI Pasta",
      "url": "https://www.rimi.ee/epood/ee/tooted/kauasailivad-toidukaubad/makaronid-ja-riis/makaronid-pasta/makaronid-macaroni-panzani-3kg/p/1019717",
      "img": "https://rimibaltic-res.cloudinary.com/image/upload/b_white,c_limit,dpr_auto,f_auto,q_auto:low,w_auto/d_ecommerce:backend-fallback.png/MAT_1019717_PCE_EE",
      "latest_price": 11.99,
      "price_per_unit": 0.0,
      "unit_label": "L"
    },
    "Makaronid Pennoni Selection by Rimi 500g": {
      "store": "Rimi",
      "category": "RIMI Pasta",
      "url": "https://www.rimi.ee/epood/ee/tooted/kauasailivad-toidukaubad/makaronid-ja-riis/makaronid-pasta/makaronid-pennoni-selection-by-rimi-500g/p/803294",
      "img": "https://rimibaltic-res.cloudinary.com/image/upload/b_white,c_limit,dpr_auto,f_auto,q_auto:low,w_auto/d_ecommerce:backend-fallback.png/MAT_803294_PCE_EE",
      "latest_price": 2.85,
      "price_per_unit": 0.0,
      "unit_label": "L"
    },
    "Makaronid Tricolor Zoo I Love Eco 250g": {
      "store": "Rimi",
      "category": "RIMI Pasta",
      "url": "https://www.rimi.ee/epood/ee/tooted/kauasailivad-toidukaubad/makaronid-ja-riis/makaronid-pasta/makaronid-tricolor-zoo-i-love-eco-250g/p/815417",
      "img": "https://rimibaltic-res.cloudinary.com/image/upload/b_white,c_limit,dpr_auto,f_auto,q_auto:low,w_auto/d_ecommerce:backend-fallback.png/MAT_815417_PCE_EE",
      "latest_price": 1.65,
      "price_per_unit": 0.0,
      "unit_label": "L"
    },
    "Lastemakaronid durum Peppa Pig Melissa 500g": {
      "store": "Rimi",
      "category": "RIMI Pasta",
      "url": "https://www.rimi.ee/epood/ee/tooted/kauasailivad-toidukaubad/makaronid-ja-riis/makaronid-pasta/lastemakaronid-durum-peppa-pig-melissa-500g/p/181764",
      "img": "https://rimibaltic-res.cloudinary.com/image/upload/b_white,c_limit,dpr_auto,f_auto,q_auto:low,w_auto/d_ecommerce:backend-fallback.png/MAT_181764_PCE_EE",
      "latest_price": 1.85,
      "price_per_unit": 0.0,
      "unit_label": "L"
    },
    "Makaronid kinoaga Penne Selection 500g": {
      "store": "Rimi",
      "category": "RIMI Pasta",
      "url": "https://www.rimi.ee/epood/ee/tooted/kauasailivad-toidukaubad/makaronid-ja-riis/makaronid-pasta/makaronid-kinoaga-penne-selection-500g/p/810481",
      "img": "https://rimibaltic-res.cloudinary.com/image/upload/b_white,c_limit,dpr_auto,f_auto,q_auto:low,w_auto/d_ecommerce:backend-fallback.png/MAT_810481_PCE_EE",
      "latest_price": 2.75,
      "price_per_unit": 0.0,
      "unit_label": "L"
    },
    "Makaronid Fusilli Panzani 500g": {
      "store": "Rimi",
      "category": "RIMI Pasta",
      "url": "https://www.rimi.ee/epood/ee/tooted/kauasailivad-toidukaubad/makaronid-ja-riis/makaronid-pasta/makaronid-fusilli-panzani-500g/p/118577",
      "img": "https://rimibaltic-res.cloudinary.com/image/upload/b_white,c_limit,dpr_auto,f_auto,q_auto:low,w_auto/d_ecommerce:backend-fallback.png/MAT_118577_PCE_EE",
      "latest_price": 1.75,
      "price_per_unit": 0.0,
      "unit_label": "L"
    },
    "Munamakaron. Tagliatelle Rimi Planet 500g": {
      "store": "Rimi",
      "category": "RIMI Pasta",
      "url": "https://www.rimi.ee/epood/ee/tooted/kauasailivad-toidukaubad/makaronid-ja-riis/makaronid-pasta/munamakaron-tagliatelle-rimi-planet-500g/p/815624",
      "img": "https://rimibaltic-res.cloudinary.com/image/upload/b_white,c_limit,dpr_auto,f_auto,q_auto:low,w_auto/d_ecommerce:backend-fallback.png/MAT_815624_PCE_EE",
      "latest_price": 2.79,
      "price_per_unit": 0.0,
      "unit_label": "L"
    },
    "Makaronid Conchiglie Rigate Panzani 500g": {
      "store": "Rimi",
      "category": "RIMI Pasta",
      "url": "https://www.rimi.ee/epood/ee/tooted/kauasailivad-toidukaubad/makaronid-ja-riis/makaronid-pasta/makaronid-conchiglie-rigate-panzani-500g/p/153818",
      "img": "https://rimibaltic-res.cloudinary.com/image/upload/b_white,c_limit,dpr_auto,f_auto,q_auto:low,w_auto/d_ecommerce:backend-fallback.png/MAT_153818_PCE_EE",
      "latest_price": 2.29,
      "price_per_unit": 0.0,
      "unit_label": "L"
    },
    "Pasta Bavette Barilla 500g": {
      "store": "Rimi",
      "category": "RIMI Pasta",
      "url": "https://www.rimi.ee/epood/ee/tooted/kauasailivad-toidukaubad/makaronid-ja-riis/makaronid-pasta/pasta-bavette-barilla-500g/p/136917",
      "img": "https://rimibaltic-res.cloudinary.com/image/upload/b_white,c_limit,dpr_auto,f_auto,q_auto:low,w_auto/d_ecommerce:backend-fallback.png/MAT_136917_PCE_EE",
      "latest_price": 2.35,
      "price_per_unit": 0.0,
      "unit_label": "L"
    },
    "Makaronid Farfalle Panzani 500g": {
      "store": "Rimi",
      "category": "RIMI Pasta",
      "url": "https://www.rimi.ee/epood/ee/tooted/kauasailivad-toidukaubad/makaronid-ja-riis/makaronid-pasta/makaronid-farfalle-panzani-500g/p/118567",
      "img": "https://rimibaltic-res.cloudinary.com/image/upload/b_white,c_limit,dpr_auto,f_auto,q_auto:low,w_auto/d_ecommerce:backend-fallback.png/MAT_118567_PCE_EE",
      "latest_price": 2.29,
      "price_per_unit": 0.0,
      "unit_label": "L"
    },
    "Makaronid Tricolor Stelline I Love Eco 250g": {
      "store": "Rimi",
      "category": "RIMI Pasta",
      "url": "https://www.rimi.ee/epood/ee/tooted/kauasailivad-toidukaubad/makaronid-ja-riis/makaronid-pasta/makaronid-tricolor-stelline-i-love-eco-250g/p/815416",
      "img": "https://rimibaltic-res.cloudinary.com/image/upload/b_white,c_limit,dpr_auto,f_auto,q_auto:low,w_auto/d_ecommerce:backend-fallback.png/MAT_815416_PCE_EE",
      "latest_price": 1.65,
      "price_per_unit": 0.0,
      "unit_label": "L"
    },
    "Pasta Casarecce Barilla 500g": {
      "store": "Rimi",
      "category": "RIMI Pasta",
      "url": "https://www.rimi.ee/epood/ee/tooted/kauasailivad-toidukaubad/makaronid-ja-riis/makaronid-pasta/pasta-casarecce-barilla-500g/p/141611",
      "img": "https://rimibaltic-res.cloudinary.com/image/upload/b_white,c_limit,dpr_auto,f_auto,q_auto:low,w_auto/d_ecommerce:backend-fallback.png/MAT_141611_PCE_EE",
      "latest_price": 2.35,
      "price_per_unit": 0.0,
      "unit_label": "L"
    },
    "Makaronid Penne Mezzane Pasta Reggia 500g": {
      "store": "Rimi",
      "category": "RIMI Pasta",
      "url": "https://www.rimi.ee/epood/ee/tooted/kauasailivad-toidukaubad/makaronid-ja-riis/makaronid-pasta/makaronid-penne-mezzane-pasta-reggia-500g/p/170088",
      "img": "https://rimibaltic-res.cloudinary.com/image/upload/b_white,c_limit,dpr_auto,f_auto,q_auto:low,w_auto/d_ecommerce:backend-fallback.png/MAT_170088_PCE_EE",
      "latest_price": 1.85,
      "price_per_unit": 0.0,
      "unit_label": "L"
    },
    "Makaronid Macaroni Panzani 500g": {
      "store": "Rimi",
      "category": "RIMI Pasta",
      "url": "https://www.rimi.ee/epood/ee/tooted/kauasailivad-toidukaubad/makaronid-ja-riis/makaronid-pasta/makaronid-macaroni-panzani-500g/p/144814",
      "img": "https://rimibaltic-res.cloudinary.com/image/upload/b_white,c_limit,dpr_auto,f_auto,q_auto:low,w_auto/d_ecommerce:backend-fallback.png/MAT_144814_PCE_EE",
      "latest_price": 2.29,
      "price_per_unit": 0.0,
      "unit_label": "L"
    },
    "Makaronid Linguine Panzani 500g": {
      "store": "Rimi",
      "category": "RIMI Pasta",
      "url": "https://www.rimi.ee/epood/ee/tooted/kauasailivad-toidukaubad/makaronid-ja-riis/makaronid-pasta/makaronid-linguine-panzani-500g/p/128634",
      "img": "https://rimibaltic-res.cloudinary.com/image/upload/b_white,c_limit,dpr_auto,f_auto,q_auto:low,w_auto/d_ecommerce:backend-fallback.png/MAT_128634_PCE_EE",
      "latest_price": 2.29,
      "price_per_unit": 0.0,
      "unit_label": "L"
    },
    "Makaron Spaghetti Rimi Planet 500g": {
      "store": "Rimi",
      "category": "RIMI Pasta",
      "url": "https://www.rimi.ee/epood/ee/tooted/kauasailivad-toidukaubad/makaronid-ja-riis/makaronid-pasta/makaron-spaghetti-rimi-planet-500g/p/813986",
      "img": "https://rimibaltic-res.cloudinary.com/image/upload/b_white,c_limit,dpr_auto,f_auto,q_auto:low,w_auto/d_ecommerce:backend-fallback.png/MAT_813986_PCE_EE",
      "latest_price": 1.25,
      "price_per_unit": 0.0,
      "unit_label": "L"
    },
    "Makaronid lastele Durum Melissa Minionid 500g": {
      "store": "Rimi",
      "category": "RIMI Pasta",
      "url": "https://www.rimi.ee/epood/ee/tooted/kauasailivad-toidukaubad/makaronid-ja-riis/makaronid-pasta/makaronid-lastele-durum-melissa-minionid-500g/p/181821",
      "img": "https://rimibaltic-res.cloudinary.com/image/upload/b_white,c_limit,dpr_auto,f_auto,q_auto:low,w_auto/d_ecommerce:backend-fallback.png/MAT_181821_PCE_EE",
      "latest_price": 1.85,
      "price_per_unit": 0.0,
      "unit_label": "L"
    },
    "Pasta „LaMolisana“ PENNE 500g": {
      "store": "Rimi",
      "category": "RIMI Pasta",
      "url": "https://www.rimi.ee/epood/ee/tooted/kauasailivad-toidukaubad/makaronid-ja-riis/makaronid-pasta/pasta-lamolisana-penne-500g/p/189818",
      "img": "https://rimibaltic-res.cloudinary.com/image/upload/b_white,c_limit,dpr_auto,f_auto,q_auto:low,w_auto/d_ecommerce:backend-fallback.png/MAT_189818_PCE_EE",
      "latest_price": 2.05,
      "price_per_unit": 0.0,
      "unit_label": "L"
    },
    "Makaronid Reggia Gramigna 500g": {
      "store": "Rimi",
      "category": "RIMI Pasta",
      "url": "https://www.rimi.ee/epood/ee/tooted/kauasailivad-toidukaubad/makaronid-ja-riis/makaronid-pasta/makaronid-reggia-gramigna-500g/p/174173",
      "img": "https://rimibaltic-res.cloudinary.com/image/upload/b_white,c_limit,dpr_auto,f_auto,q_auto:low,w_auto/d_ecommerce:backend-fallback.png/MAT_174173_PCE_EE",
      "latest_price": 1.85,
      "price_per_unit": 0.0,
      "unit_label": "L"
    },
    "Makaronid Penne Rigatte Panzani 500g": {
      "store": "Rimi",
      "category": "RIMI Pasta",
      "url": "https://www.rimi.ee/epood/ee/tooted/kauasailivad-toidukaubad/makaronid-ja-riis/makaronid-pasta/makaronid-penne-rigatte-panzani-500g/p/118581",
      "img": "https://rimibaltic-res.cloudinary.com/image/upload/b_white,c_limit,dpr_auto,f_auto,q_auto:low,w_auto/d_ecommerce:backend-fallback.png/MAT_118581_PCE_EE",
      "latest_price": 2.29,
      "price_per_unit": 0.0,
      "unit_label": "L"
    },
    "Pasta „LaMolisana“ Radiatori 500g": {
      "store": "Rimi",
      "category": "RIMI Pasta",
      "url": "https://www.rimi.ee/epood/ee/tooted/kauasailivad-toidukaubad/makaronid-ja-riis/makaronid-pasta/pasta-lamolisana-radiatori-500g/p/182145",
      "img": "https://rimibaltic-res.cloudinary.com/image/upload/b_white,c_limit,dpr_auto,f_auto,q_auto:low,w_auto/d_ecommerce:backend-fallback.png/MAT_182145_PCE_EE",
      "latest_price": 2.05,
      "price_per_unit": 0.0,
      "unit_label": "L"
    },
    "Makaronid Tricolor Alphabet I Love Eco 250g": {
      "store": "Rimi",
      "category": "RIMI Pasta",
      "url": "https://www.rimi.ee/epood/ee/tooted/kauasailivad-toidukaubad/makaronid-ja-riis/makaronid-pasta/makaronid-tricolor-alphabet-i-love-eco-250g/p/815407",
      "img": "https://rimibaltic-res.cloudinary.com/image/upload/b_white,c_limit,dpr_auto,f_auto,q_auto:low,w_auto/d_ecommerce:backend-fallback.png/MAT_815407_PCE_EE",
      "latest_price": 1.65,
      "price_per_unit": 0.0,
      "unit_label": "L"
    },
    "Makaronid Spaghetti n.15 La Molisana 500g": {
      "store": "Rimi",
      "category": "RIMI Pasta",
      "url": "https://www.rimi.ee/epood/ee/tooted/kauasailivad-toidukaubad/makaronid-ja-riis/makaronid-pasta/makaronid-spaghetti-n-15-la-molisana-500g/p/181959",
      "img": "https://rimibaltic-res.cloudinary.com/image/upload/b_white,c_limit,dpr_auto,f_auto,q_auto:low,w_auto/d_ecommerce:backend-fallback.png/MAT_181959_PCE_EE",
      "latest_price": 2.05,
      "price_per_unit": 0.0,
      "unit_label": "L"
    },
    "Makaronid Gnocchi n.26 La Molisana 500g": {
      "store": "Rimi",
      "category": "RIMI Pasta",
      "url": "https://www.rimi.ee/epood/ee/tooted/kauasailivad-toidukaubad/makaronid-ja-riis/makaronid-pasta/makaronid-gnocchi-n-26-la-molisana-500g/p/1004135",
      "img": "https://rimibaltic-res.cloudinary.com/image/upload/b_white,c_limit,dpr_auto,f_auto,q_auto:low,w_auto/d_ecommerce:backend-fallback.png/MAT_1004135_PCE_EE",
      "latest_price": 1.89,
      "price_per_unit": 0.0,
      "unit_label": "L"
    },
    "Pasta „LaMolisana“Gnocchetti 500g": {
      "store": "Rimi",
      "category": "RIMI Pasta",
      "url": "https://www.rimi.ee/epood/ee/tooted/kauasailivad-toidukaubad/makaronid-ja-riis/makaronid-pasta/pasta-lamolisana-gnocchetti-500g/p/182138",
      "img": "https://rimibaltic-res.cloudinary.com/image/upload/b_white,c_limit,dpr_auto,f_auto,q_auto:low,w_auto/d_ecommerce:backend-fallback.png/MAT_182138_PCE_EE",
      "latest_price": 2.05,
      "price_per_unit": 0.0,
      "unit_label": "L"
    },
    "Makaronid La Molisana Mafalda 500g": {
      "store": "Rimi",
      "category": "RIMI Pasta",
      "url": "https://www.rimi.ee/epood/ee/tooted/kauasailivad-toidukaubad/makaronid-ja-riis/makaronid-pasta/makaronid-la-molisana-mafalda-500g/p/1017406",
      "img": "https://rimibaltic-res.cloudinary.com/image/upload/b_white,c_limit,dpr_auto,f_auto,q_auto:low,w_auto/d_ecommerce:backend-fallback.png/MAT_1017406_PCE_EE",
      "latest_price": 2.05,
      "price_per_unit": 0.0,
      "unit_label": "L"
    },
    "Laastmakaronid Nouilles Fines Panzani 500g": {
      "store": "Rimi",
      "category": "RIMI Pasta",
      "url": "https://www.rimi.ee/epood/ee/tooted/kauasailivad-toidukaubad/makaronid-ja-riis/makaronid-pasta/laastmakaronid-nouilles-fines-panzani-500g/p/122178",
      "img": "https://rimibaltic-res.cloudinary.com/image/upload/b_white,c_limit,dpr_auto,f_auto,q_auto:low,w_auto/d_ecommerce:backend-fallback.png/MAT_122178_PCE_EE",
      "latest_price": 2.29,
      "price_per_unit": 0.0,
      "unit_label": "L"
    },
    "Makaron spag. täistera Salling Eko öko 500g": {
      "store": "Rimi",
      "category": "RIMI Pasta",
      "url": "https://www.rimi.ee/epood/ee/tooted/kauasailivad-toidukaubad/makaronid-ja-riis/makaronid-pasta/makaron-spag-taistera-salling-eko-oko-500g/p/816820",
      "img": "https://rimibaltic-res.cloudinary.com/image/upload/b_white,c_limit,dpr_auto,f_auto,q_auto:low,w_auto/d_ecommerce:backend-fallback.png/MAT_816820_PCE_EE",
      "latest_price": 1.29,
      "price_per_unit": 0.0,
      "unit_label": "L"
    },
    "Pasta „LaMolisana“ FARFALLE 500g": {
      "store": "Rimi",
      "category": "RIMI Pasta",
      "url": "https://www.rimi.ee/epood/ee/tooted/kauasailivad-toidukaubad/makaronid-ja-riis/makaronid-pasta/pasta-lamolisana-farfalle-500g/p/114563",
      "img": "https://rimibaltic-res.cloudinary.com/image/upload/b_white,c_limit,dpr_auto,f_auto,q_auto:low,w_auto/d_ecommerce:backend-fallback.png/MAT_114563_PCE_EE",
      "latest_price": 2.05,
      "price_per_unit": 0.0,
      "unit_label": "L"
    },
    "Munamakaron Fettuccine Princip 250g": {
      "store": "Rimi",
      "category": "RIMI Pasta",
      "url": "https://www.rimi.ee/epood/ee/tooted/kauasailivad-toidukaubad/makaronid-ja-riis/makaronid-pasta/munamakaron-fettuccine-princip-250g/p/816823",
      "img": "https://rimibaltic-res.cloudinary.com/image/upload/b_white,c_limit,dpr_auto,f_auto,q_auto:low,w_auto/d_ecommerce:backend-fallback.png/MAT_816823_PCE_EE",
      "latest_price": 2.29,
      "price_per_unit": 0.0,
      "unit_label": "L"
    },
    "Pasta Delverde Bucatini 500g": {
      "store": "Rimi",
      "category": "RIMI Pasta",
      "url": "https://www.rimi.ee/epood/ee/tooted/kauasailivad-toidukaubad/makaronid-ja-riis/makaronid-pasta/pasta-delverde-bucatini-500g/p/1017128",
      "img": "https://rimibaltic-res.cloudinary.com/image/upload/b_white,c_limit,dpr_auto,f_auto,q_auto:low,w_auto/d_ecommerce:backend-fallback.png/MAT_1017128_PCE_EE",
      "latest_price": 2.65,
      "price_per_unit": 0.0,
      "unit_label": "L"
    },
    "Makaronid La Molisana Rotelle 500g": {
      "store": "Rimi",
      "category": "RIMI Pasta",
      "url": "https://www.rimi.ee/epood/ee/tooted/kauasailivad-toidukaubad/makaronid-ja-riis/makaronid-pasta/makaronid-la-molisana-rotelle-500g/p/1017405",
      "img": "https://rimibaltic-res.cloudinary.com/image/upload/b_white,c_limit,dpr_auto,f_auto,q_auto:low,w_auto/d_ecommerce:backend-fallback.png/MAT_1017405_PCE_EE",
      "latest_price": 2.05,
      "price_per_unit": 0.0,
      "unit_label": "L"
    },
    "Pasta Delverde Cavatelli 500g": {
      "store": "Rimi",
      "category": "RIMI Pasta",
      "url": "https://www.rimi.ee/epood/ee/tooted/kauasailivad-toidukaubad/makaronid-ja-riis/makaronid-pasta/pasta-delverde-cavatelli-500g/p/1017127",
      "img": "https://rimibaltic-res.cloudinary.com/image/upload/b_white,c_limit,dpr_auto,f_auto,q_auto:low,w_auto/d_ecommerce:backend-fallback.png/MAT_1017127_PCE_EE",
      "latest_price": 2.65,
      "price_per_unit": 0.0,
      "unit_label": "L"
    },
    "Makaronid La Molisana Farfalline 500g": {
      "store": "Rimi",
      "category": "RIMI Pasta",
      "url": "https://www.rimi.ee/epood/ee/tooted/kauasailivad-toidukaubad/makaronid-ja-riis/makaronid-pasta/makaronid-la-molisana-farfalline-500g/p/1017397",
      "img": "https://rimibaltic-res.cloudinary.com/image/upload/b_white,c_limit,dpr_auto,f_auto,q_auto:low,w_auto/d_ecommerce:backend-fallback.png/MAT_1017397_PCE_EE",
      "latest_price": 2.05,
      "price_per_unit": 0.0,
      "unit_label": "L"
    },
    "Makaronid Conchiglie Selection by Rimi 500g": {
      "store": "Rimi",
      "category": "RIMI Pasta",
      "url": "https://www.rimi.ee/epood/ee/tooted/kauasailivad-toidukaubad/makaronid-ja-riis/makaronid-pasta/makaronid-conchiglie-selection-by-rimi-500g/p/815854",
      "img": "https://rimibaltic-res.cloudinary.com/image/upload/b_white,c_limit,dpr_auto,f_auto,q_auto:low,w_auto/d_ecommerce:backend-fallback.png/MAT_815854_PCE_EE",
      "latest_price": 2.85,
      "price_per_unit": 0.0,
      "unit_label": "L"
    },
    "Makaronid Maccheroni Selection by Rimi 500g": {
      "store": "Rimi",
      "category": "RIMI Pasta",
      "url": "https://www.rimi.ee/epood/ee/tooted/kauasailivad-toidukaubad/makaronid-ja-riis/makaronid-pasta/makaronid-maccheroni-selection-by-rimi-500g/p/815858",
      "img": "https://rimibaltic-res.cloudinary.com/image/upload/b_white,c_limit,dpr_auto,f_auto,q_auto:low,w_auto/d_ecommerce:backend-fallback.png/MAT_815858_PCE_EE",
      "latest_price": 2.85,
      "price_per_unit": 0.0,
      "unit_label": "L"
    },
    "Makaronid 3-värvilised Fusilli Panzani 500g": {
      "store": "Rimi",
      "category": "RIMI Pasta",
      "url": "https://www.rimi.ee/epood/ee/tooted/kauasailivad-toidukaubad/makaronid-ja-riis/makaronid-pasta/makaronid-3-varvilised-fusilli-panzani-500g/p/1019500",
      "img": "https://rimibaltic-res.cloudinary.com/image/upload/b_white,c_limit,dpr_auto,f_auto,q_auto:low,w_auto/d_ecommerce:backend-fallback.png/MAT_1019500_PCE_EE",
      "latest_price": 2.59,
      "price_per_unit": 0.0,
      "unit_label": "L"
    },
    "Pasta Delverde Tagliatelle spinatiga 250g": {
      "store": "Rimi",
      "category": "RIMI Pasta",
      "url": "https://www.rimi.ee/epood/ee/tooted/kauasailivad-toidukaubad/makaronid-ja-riis/makaronid-pasta/pasta-delverde-tagliatelle-spinatiga-250g/p/1017228",
      "img": "https://rimibaltic-res.cloudinary.com/image/upload/b_white,c_limit,dpr_auto,f_auto,q_auto:low,w_auto/d_ecommerce:backend-fallback.png/MAT_1017228_PCE_EE",
      "latest_price": 2.19,
      "price_per_unit": 0.0,
      "unit_label": "L"
    },
    "Pasta Delverde Gemellini 500g": {
      "store": "Rimi",
      "category": "RIMI Pasta",
      "url": "https://www.rimi.ee/epood/ee/tooted/kauasailivad-toidukaubad/makaronid-ja-riis/makaronid-pasta/pasta-delverde-gemellini-500g/p/1017131",
      "img": "https://rimibaltic-res.cloudinary.com/image/upload/b_white,c_limit,dpr_auto,f_auto,q_auto:low,w_auto/d_ecommerce:backend-fallback.png/MAT_1017131_PCE_EE",
      "latest_price": 2.65,
      "price_per_unit": 0.0,
      "unit_label": "L"
    },
    "Makaronid Capellini n.17 La Molisana 500g": {
      "store": "Rimi",
      "category": "RIMI Pasta",
      "url": "https://www.rimi.ee/epood/ee/tooted/kauasailivad-toidukaubad/makaronid-ja-riis/makaronid-pasta/makaronid-capellini-n-17-la-molisana-500g/p/182153",
      "img": "https://rimibaltic-res.cloudinary.com/image/upload/b_white,c_limit,dpr_auto,f_auto,q_auto:low,w_auto/d_ecommerce:backend-fallback.png/MAT_182153_PCE_EE",
      "latest_price": 2.05,
      "price_per_unit": 0.0,
      "unit_label": "L"
    },
    "Munamakaronitoode Spaetzle Rimi Planet 500g": {
      "store": "Rimi",
      "category": "RIMI Pasta",
      "url": "https://www.rimi.ee/epood/ee/tooted/kauasailivad-toidukaubad/makaronid-ja-riis/makaronid-pasta/munamakaronitoode-spaetzle-rimi-planet-500g/p/815623",
      "img": "https://rimibaltic-res.cloudinary.com/image/upload/b_white,c_limit,dpr_auto,f_auto,q_auto:low,w_auto/d_ecommerce:backend-fallback.png/MAT_815623_PCE_EE",
      "latest_price": 2.79,
      "price_per_unit": 0.0,
      "unit_label": "L"
    },
    "Munamakaronitoode Vermicelli Rimi Planet 500g": {
      "store": "Rimi",
      "category": "RIMI Pasta",
      "url": "https://www.rimi.ee/epood/ee/tooted/kauasailivad-toidukaubad/makaronid-ja-riis/makaronid-pasta/munamakaronitoode-vermicelli-rimi-planet-500g/p/815641",
      "img": "https://rimibaltic-res.cloudinary.com/image/upload/b_white,c_limit,dpr_auto,f_auto,q_auto:low,w_auto/d_ecommerce:backend-fallback.png/MAT_815641_PCE_EE",
      "latest_price": 2.79,
      "price_per_unit": 0.0,
      "unit_label": "L"
    },
    "Makaronid 3-värvilised Farfalle Panzani 500g": {
      "store": "Rimi",
      "category": "RIMI Pasta",
      "url": "https://www.rimi.ee/epood/ee/tooted/kauasailivad-toidukaubad/makaronid-ja-riis/makaronid-pasta/makaronid-3-varvilised-farfalle-panzani-500g/p/1019485",
      "img": "https://rimibaltic-res.cloudinary.com/image/upload/b_white,c_limit,dpr_auto,f_auto,q_auto:low,w_auto/d_ecommerce:backend-fallback.png/MAT_1019485_PCE_EE",
      "latest_price": 2.59,
      "price_per_unit": 0.0,
      "unit_label": "L"
    },
    "Makaronid Gourmante Trecce Dell Orto 500": {
      "store": "Rimi",
      "category": "RIMI Pasta",
      "url": "https://www.rimi.ee/epood/ee/tooted/kauasailivad-toidukaubad/makaronid-ja-riis/makaronid-pasta/makaronid-gourmante-trecce-dell-orto-500/p/1017695",
      "img": "https://rimibaltic-res.cloudinary.com/image/upload/b_white,c_limit,dpr_auto,f_auto,q_auto:low,w_auto/d_ecommerce:backend-fallback.png/MAT_1017695_PCE_EE",
      "latest_price": 4.49,
      "price_per_unit": 0.0,
      "unit_label": "L"
    },
    "Makaronid Gourmante Arcobaleno 500g": {
      "store": "Rimi",
      "category": "RIMI Pasta",
      "url": "https://www.rimi.ee/epood/ee/tooted/kauasailivad-toidukaubad/makaronid-ja-riis/makaronid-pasta/makaronid-gourmante-arcobaleno-500g/p/1017701",
      "img": "https://rimibaltic-res.cloudinary.com/image/upload/b_white,c_limit,dpr_auto,f_auto,q_auto:low,w_auto/d_ecommerce:backend-fallback.png/MAT_1017701_PCE_EE",
      "latest_price": 4.49,
      "price_per_unit": 0.0,
      "unit_label": "L"
    },
    "Makaronid Gourmante Spaghetti kalm.tindi 500g": {
      "store": "Rimi",
      "category": "RIMI Pasta",
      "url": "https://www.rimi.ee/epood/ee/tooted/kauasailivad-toidukaubad/makaronid-ja-riis/makaronid-pasta/makaronid-gourmante-spaghetti-kalm-tindi-500g/p/1017702",
      "img": "https://rimibaltic-res.cloudinary.com/image/upload/b_white,c_limit,dpr_auto,f_auto,q_auto:low,w_auto/d_ecommerce:backend-fallback.png/MAT_1017702_PCE_EE",
      "latest_price": 5.19,
      "price_per_unit": 0.0,
      "unit_label": "L"
    },
    "K.karp Mait. teekond Selection by Rimi 1,34kg": {
      "store": "Rimi",
      "category": "RIMI Pasta",
      "url": "https://www.rimi.ee/epood/ee/tooted/kauasailivad-toidukaubad/makaronid-ja-riis/makaronid-pasta/k-karp-mait-teekond-selection-by-rimi-1-34kg/p/816989",
      "img": "https://rimibaltic-res.cloudinary.com/image/upload/b_white,c_limit,dpr_auto,f_auto,q_auto:low,w_auto/d_ecommerce:backend-fallback.png/MAT_816989_PCE_EE",
      "latest_price": 0.0,
      "price_per_unit": 0.0,
      "unit_label": "L"
    },
    "Barilla pasta casarecce, 500g": {
      "store": "Prisma",
      "category": "PRISMA Erikujuline Pasta",
      "url": "https://www.prismamarket.ee/toode/barilla-pasta-casarecce-500g/8076809519960",
      "img": "https://cdn.s-cloud.fi/v1/w280h280@_q75/assets/dam-id/AchxcfYYqrF80MN8iXQ8k6.webp",
      "latest_price": 2.25,
      "price_per_unit": 0.0,
      "unit_label": "L"
    },
    "Panzani pasta fusilli 500 g": {
      "store": "Prisma",
      "category": "PRISMA Erikujuline Pasta",
      "url": "https://www.prismamarket.ee/toode/panzani-pasta-fusilli-500-g/3038351563605",
      "img": "https://cdn.s-cloud.fi/v1/w280h280@_q75/assets/dam-id/4kwVYgt9qkY8lm2aJW8LmY.webp",
      "latest_price": 1.75,
      "price_per_unit": 0.0,
      "unit_label": "L"
    },
    "Rummo Mezzi gluteenivaba pasta rigatoni nr 51 400 g": {
      "store": "Prisma",
      "category": "PRISMA Erikujuline Pasta",
      "url": "https://www.prismamarket.ee/toode/rummo-mezzi-gluteenivaba-pasta-rigatoni-nr-51-400-g/8008343880510",
      "img": "https://cdn.s-cloud.fi/v1/w280h280@_q75/assets/dam-id/4ALnWXmSqw68vqs1wRPFBG.webp",
      "latest_price": 3.65,
      "price_per_unit": 0.0,
      "unit_label": "L"
    },
    "Delverde pasta conchiglie rigate nr 44 500 g": {
      "store": "Prisma",
      "category": "PRISMA Erikujuline Pasta",
      "url": "https://www.prismamarket.ee/toode/delverde-pasta-conchiglie-rigate-nr-44-500-g/8006680040444",
      "img": "https://cdn.s-cloud.fi/v1/w280h280@_q75/assets/dam-id/1ANVxMX9a8BBKFnb7BDel5.webp",
      "latest_price": 2.58,
      "price_per_unit": 0.0,
      "unit_label": "L"
    },
    "Felicia täisterariisist gluteenivaba mahepasta 250 g": {
      "store": "Prisma",
      "category": "PRISMA Erikujuline Pasta",
      "url": "https://www.prismamarket.ee/toode/felicia-taisterariisist-gluteenivaba-mahepasta-250-g/8032804431027",
      "img": "https://cdn.s-cloud.fi/v1/w280h280@_q75/assets/dam-id/3mQRW52w4KmBlnvRejipUe.webp",
      "latest_price": 2.57,
      "price_per_unit": 0.0,
      "unit_label": "L"
    },
    "Panzani pasta mini penne 500 g": {
      "store": "Prisma",
      "category": "PRISMA Erikujuline Pasta",
      "url": "https://www.prismamarket.ee/toode/panzani-pasta-mini-penne-500-g/3038351293809",
      "img": "https://cdn.s-cloud.fi/v1/w280h280@_q75/assets/dam-id/887iwEKq416A-zaXt7SWxD.webp",
      "latest_price": 2.33,
      "price_per_unit": 0.0,
      "unit_label": "L"
    },
    "Mama täisterariisist fusilli 500 g": {
      "store": "Prisma",
      "category": "PRISMA Erikujuline Pasta",
      "url": "https://www.prismamarket.ee/toode/mama-taisterariisist-fusilli-500-g/8851876105649",
      "img": "https://cdn.s-cloud.fi/v1/w280h280@_q75/assets/dam-id/7vLR6Sxjq-jAkNoqSUBb8t.webp",
      "latest_price": 3.55,
      "price_per_unit": 0.0,
      "unit_label": "L"
    },
    "Granarolo Munapasta Stelline 250g": {
      "store": "Prisma",
      "category": "PRISMA Erikujuline Pasta",
      "url": "https://www.prismamarket.ee/toode/granarolo-munapasta-stelline-250g/8000839441380",
      "img": "https://cdn.s-cloud.fi/v1/w280h280@_q75/assets/dam-id/C0BcH_vCKMC8MJQ_m786UE.webp",
      "latest_price": 1.89,
      "price_per_unit": 0.0,
      "unit_label": "L"
    },
    "Barilla Al Bronzo durumnisust pasta rigatoni, 500 g": {
      "store": "Prisma",
      "category": "PRISMA Erikujuline Pasta",
      "url": "https://www.prismamarket.ee/toode/barilla-al-bronzo-durumnisust-pasta-rigatoni-500-g/8076809585224",
      "img": "https://cdn.s-cloud.fi/v1/w280h280@_q75/assets/dam-id/9RdUb8NSaXa97AT3i8MaXG.webp",
      "latest_price": 2.55,
      "price_per_unit": 0.0,
      "unit_label": "L"
    },
    "Rummo Penne Rigate Pasta # 66, 500 g": {
      "store": "Prisma",
      "category": "PRISMA Erikujuline Pasta",
      "url": "https://www.prismamarket.ee/toode/rummo-penne-rigate-pasta-66-500-g/8008343200660",
      "img": "https://cdn.s-cloud.fi/v1/w280h280@_q75/assets/dam-id/ErdjfyC3areAIPD4ByQS1F.webp",
      "latest_price": 2.88,
      "price_per_unit": 0.0,
      "unit_label": "L"
    },
    "Panzani pasta fusilli 1 kg": {
      "store": "Prisma",
      "category": "PRISMA Erikujuline Pasta",
      "url": "https://www.prismamarket.ee/toode/panzani-pasta-fusilli-1-kg/3038359002137",
      "img": "https://cdn.s-cloud.fi/v1/w280h280@_q75/assets/dam-id/Ex91PoTE4U5BcF6m15t6xW.webp",
      "latest_price": 3.48,
      "price_per_unit": 0.0,
      "unit_label": "L"
    },
    "Panzani Selezione Di Chef Collerette pasta munaga 400 g": {
      "store": "Prisma",
      "category": "PRISMA Erikujuline Pasta",
      "url": "https://www.prismamarket.ee/toode/panzani-selezione-di-chef-collerette-pasta-munaga-400-g/3038359010118",
      "img": "https://cdn.s-cloud.fi/v1/w280h280@_q75/assets/dam-id/2NGazEyl4ecAAIW25sBHua.webp",
      "latest_price": 3.28,
      "price_per_unit": 0.0,
      "unit_label": "L"
    },
    "Coop Penne Rigate pasta 500g": {
      "store": "Prisma",
      "category": "PRISMA Erikujuline Pasta",
      "url": "https://www.prismamarket.ee/toode/coop-penne-rigate-pasta-500g/7340191177512",
      "img": "https://cdn.s-cloud.fi/v1/w280h280@_q75/assets/dam-id/8DjDNTRfK8199SBsNAZPcV.webp",
      "latest_price": 1.28,
      "price_per_unit": 0.0,
      "unit_label": "L"
    },
    "Tartu Mill täisteradurumjahupasta penne 500 g": {
      "store": "Prisma",
      "category": "PRISMA Erikujuline Pasta",
      "url": "https://www.prismamarket.ee/toode/tartu-mill-taisteradurumjahupasta-penne-500-g/4750020053147",
      "img": "https://cdn.s-cloud.fi/v1/w280h280@_q75/assets/dam-id/8r3el7ohaJz9IKO48lkiRh.webp",
      "latest_price": 1.38,
      "price_per_unit": 0.0,
      "unit_label": "L"
    },
    "Panzani Torti spiraalmakaronid 3kg": {
      "store": "Prisma",
      "category": "PRISMA Erikujuline Pasta",
      "url": "https://www.prismamarket.ee/toode/panzani-torti-spiraalmakaronid-3kg/3038359009655",
      "img": "https://cdn.s-cloud.fi/v1/w280h280@_q75/assets/dam-id/8_EgYahAqoUB1UB0BoO-8R.webp",
      "latest_price": 7.6,
      "price_per_unit": 0.0,
      "unit_label": "L"
    },
    "Borges pasta penne rigate durumnisujahust borges 500g": {
      "store": "Prisma",
      "category": "PRISMA Erikujuline Pasta",
      "url": "https://www.prismamarket.ee/toode/borges-pasta-penne-rigate-durumnisujahust-borges-500g/8410179007502",
      "img": "https://cdn.s-cloud.fi/v1/w280h280@_q75/assets/dam-id/ENsnwR8y4ui8fhVmoUHBKZ.webp",
      "latest_price": 2.22,
      "price_per_unit": 0.0,
      "unit_label": "L"
    },
    "Rummo Penne Rigate # 66 gluteenivaba pasta 400 g": {
      "store": "Prisma",
      "category": "PRISMA Erikujuline Pasta",
      "url": "https://www.prismamarket.ee/toode/rummo-penne-rigate-66-gluteenivaba-pasta-400-g/8008343880664",
      "img": "https://cdn.s-cloud.fi/v1/w280h280@_q75/assets/dam-id/6kTJKeowqb5AV3mQea1zvs.webp",
      "latest_price": 3.65,
      "price_per_unit": 0.0,
      "unit_label": "L"
    },
    "Barilla pasta piccolini penne rigate 500 g": {
      "store": "Prisma",
      "category": "PRISMA Erikujuline Pasta",
      "url": "https://www.prismamarket.ee/toode/barilla-pasta-piccolini-penne-rigate-500-g/8076809521581",
      "img": "https://cdn.s-cloud.fi/v1/w280h280@_q75/assets/dam-id/C00WzuUqq8mBHmJmD1TEA4.webp",
      "latest_price": 2.25,
      "price_per_unit": 0.0,
      "unit_label": "L"
    },
    "Panzani pasta penne 500 g": {
      "store": "Prisma",
      "category": "PRISMA Erikujuline Pasta",
      "url": "https://www.prismamarket.ee/toode/panzani-pasta-penne-500-g/3038351483804",
      "img": "https://cdn.s-cloud.fi/v1/w280h280@_q75/assets/dam-id/FzLn55tsaD4BgVvCBxbEuX.webp",
      "latest_price": 2.18,
      "price_per_unit": 0.0,
      "unit_label": "L"
    },
    "Barilla pasta Risoni 500g": {
      "store": "Prisma",
      "category": "PRISMA Erikujuline Pasta",
      "url": "https://www.prismamarket.ee/toode/barilla-pasta-risoni-500g/8076809579100",
      "img": "https://cdn.s-cloud.fi/v1/w280h280@_q75/assets/dam-id/DIll-I_paCVAJcXt67IE-B.webp",
      "latest_price": 1.95,
      "price_per_unit": 0.0,
      "unit_label": "L"
    },
    "Felicia Fusilli maisipasta 500 g, gluteenivaba": {
      "store": "Prisma",
      "category": "PRISMA Erikujuline Pasta",
      "url": "https://www.prismamarket.ee/toode/felicia-fusilli-maisipasta-500-g-gluteenivaba/8032804430112",
      "img": "https://cdn.s-cloud.fi/v1/w280h280@_q75/assets/dam-id/151DdfoW4GFB3_Nt1RUsg9.webp",
      "latest_price": 3.61,
      "price_per_unit": 0.0,
      "unit_label": "L"
    },
    "Barilla pasta farfalle 500 g": {
      "store": "Prisma",
      "category": "PRISMA Erikujuline Pasta",
      "url": "https://www.prismamarket.ee/toode/barilla-pasta-farfalle-500-g/8076809580144",
      "img": "https://cdn.s-cloud.fi/v1/w280h280@_q75/assets/dam-id/A1IxdPV5qtnBOYzu3fdmoU.webp",
      "latest_price": 2.25,
      "price_per_unit": 0.0,
      "unit_label": "L"
    },
    "Torino Tricolori merikarbikujuline pasta 425 g": {
      "store": "Prisma",
      "category": "PRISMA Erikujuline Pasta",
      "url": "https://www.prismamarket.ee/toode/torino-tricolori-merikarbikujuline-pasta-425-g/6411200102670",
      "img": "https://cdn.s-cloud.fi/v1/w280h280@_q75/assets/dam-id/2joWpYsGap08b4mYfUAp84.webp",
      "latest_price": 2.27,
      "price_per_unit": 0.0,
      "unit_label": "L"
    },
    "Coop farfalle durumpasta tomati ja spinatiga 500g": {
      "store": "Prisma",
      "category": "PRISMA Erikujuline Pasta",
      "url": "https://www.prismamarket.ee/toode/coop-farfalle-durumpasta-tomati-ja-spinatiga-500g/7340191144859",
      "img": "https://cdn.s-cloud.fi/v1/w280h280@_q75/assets/dam-id/CZ5i1u2yKop8qDqys1Ji-_.webp",
      "latest_price": 1.88,
      "price_per_unit": 0.0,
      "unit_label": "L"
    },
    "Unknown": {
      "category": "PRISMA Erikujuline Pasta",
      "entries": [
        {
          "t": "2026-01-19T22:17:28.004945",
          "p": 2.25
        },
        {
          "t": "2026-01-19T22:17:28.004945",
          "p": 1.75
        },
        {
          "t": "2026-01-19T22:17:28.004945",
          "p": 3.65
        },
        {
          "t": "2026-01-19T22:17:28.004945",
          "p": 2.58
        },
        {
          "t": "2026-01-19T22:17:28.004945",
          "p": 2.57
        },
        {
          "t": "2026-01-19T22:17:28.004945",
          "p": 2.33
        },
        {
          "t": "2026-01-19T22:17:28.004945",
          "p": 3.55
        },
        {
          "t": "2026-01-19T22:17:28.004945",
          "p": 1.89
        },
        {
          "t": "2026-01-19T22:17:28.004945",
          "p": 2.55
        },
        {
          "t": "2026-01-19T22:17:28.004945",
          "p": 2.88
        },
        {
          "t": "2026-01-19T22:17:28.004945",
          "p": 3.48
        },
        {
          "t": "2026-01-19T22:17:28.004945",
          "p": 3.28
        },
        {
          "t": "2026-01-19T22:17:28.004945",
          "p": 1.28
        },
        {
          "t": "2026-01-19T22:17:28.004945",
          "p": 1.38
        },
        {
          "t": "2026-01-19T22:17:28.004945",
          "p": 7.6
        },
        {
          "t": "2026-01-19T22:17:28.004945",
          "p": 2.22
        },
        {
          "t": "2026-01-19T22:17:28.004945",
          "p": 3.65
        },
        {
          "t": "2026-01-19T22:17:28.004945",
          "p": 2.25
        },
        {
          "t": "2026-01-19T22:17:28.004945",
          "p": 2.18
        },
        {
          "t": "2026-01-19T22:17:28.004945",
          "p": 1.95
        },
        {
          "t": "2026-01-19T22:17:28.004945",
          "p": 3.61
        },
        {
          "t": "2026-01-19T22:17:28.004945",
          "p": 2.25
        },
        {
          "t": "2026-01-19T22:17:28.004945",
          "p": 2.27
        },
        {
          "t": "2026-01-19T22:17:28.004945",
          "p": 1.88
        },
        {
          "t": "2026-01-19T22:20:36.986454",
          "p": 0.68
        },
        {
          "t": "2026-01-19T22:20:36.986454",
          "p": 0.59
        },
        {
          "t": "2026-01-19T22:20:36.986454",
          "p": 1.98
        },
        {
          "t": "2026-01-19T22:20:36.986454",
          "p": 0.68
        },
        {
          "t": "2026-01-19T22:20:36.986454",
          "p": 1.35
        },
        {
          "t": "2026-01-19T22:20:36.986454",
          "p": 0.58
        },
        {
          "t": "2026-01-19T22:20:36.986454",
          "p": 1.35
        },
        {
          "t": "2026-01-19T22:20:36.986454",
          "p": 1.25
        },
        {
          "t": "2026-01-19T22:20:36.986454",
          "p": 0.59
        },
        {
          "t": "2026-01-19T22:20:36.986454",
          "p": 1.78
        },
        {
          "t": "2026-01-19T22:20:36.986454",
          "p": 1.25
        },
        {
          "t": "2026-01-19T22:20:36.986454",
          "p": 1.47
        },
        {
          "t": "2026-01-19T22:20:36.986454",
          "p": 1.38
        },
        {
          "t": "2026-01-19T22:20:36.986454",
          "p": 1.51
        },
        {
          "t": "2026-01-19T22:20:36.986454",
          "p": 1.25
        },
        {
          "t": "2026-01-19T22:20:36.986454",
          "p": 1.28
        },
        {
          "t": "2026-01-19T22:20:36.986454",
          "p": 1.08
        },
        {
          "t": "2026-01-19T22:20:36.986454",
          "p": 1.98
        },
        {
          "t": "2026-01-19T22:20:36.986454",
          "p": 1.38
        },
        {
          "t": "2026-01-19T22:20:36.986454",
          "p": 1.45
        },
        {
          "t": "2026-01-19T22:20:36.986454",
          "p": 1.98
        },
        {
          "t": "2026-01-19T22:20:36.986454",
          "p": 1.38
        },
        {
          "t": "2026-01-19T22:20:36.986454",
          "p": 3.15
        },
        {
          "t": "2026-01-19T22:36:26.099011",
          "p": 0.68
        },
        {
          "t": "2026-01-19T22:36:26.099011",
          "p": 0.59
        },
        {
          "t": "2026-01-19T22:36:26.099011",
          "p": 1.98
        },
        {
          "t": "2026-01-19T22:36:26.099011",
          "p": 0.68
        },
        {
          "t": "2026-01-19T22:36:26.099011",
          "p": 1.35
        },
        {
          "t": "2026-01-19T22:36:26.099011",
          "p": 0.58
        },
        {
          "t": "2026-01-19T22:36:26.099011",
          "p": 1.35
        },
        {
          "t": "2026-01-19T22:36:26.099011",
          "p": 1.25
        },
        {
          "t": "2026-01-19T22:36:26.099011",
          "p": 0.59
        },
        {
          "t": "2026-01-19T22:36:26.099011",
          "p": 1.78
        },
        {
          "t": "2026-01-19T22:36:26.099011",
          "p": 1.25
        },
        {
          "t": "2026-01-19T22:36:26.099011",
          "p": 1.47
        },
        {
          "t": "2026-01-19T22:36:26.099011",
          "p": 1.38
        },
        {
          "t": "2026-01-19T22:36:26.099011",
          "p": 1.51
        },
        {
          "t": "2026-01-19T22:36:26.099011",
          "p": 1.25
        },
        {
          "t": "2026-01-19T22:36:26.099011",
          "p": 1.28
        },
        {
          "t": "2026-01-19T22:36:26.099011",
          "p": 1.08
        },
        {
          "t": "2026-01-19T22:36:26.099011",
          "p": 1.98
        },
        {
          "t": "2026-01-19T22:36:26.099011",
          "p": 1.38
        },
        {
          "t": "2026-01-19T22:36:26.099011",
          "p": 1.45
        },
        {
          "t": "2026-01-19T22:36:26.099011",
          "p": 1.98
        },
        {
          "t": "2026-01-19T22:36:26.099011",
          "p": 1.38
        },
        {
          "t": "2026-01-19T22:36:26.099011",
          "p": 3.15
        }
      ],
      "latest_price": 3.15,
      "price_per_unit": 12.6,
      "unit_label": "kg",
      "url": "",
      "img": "",
      "store": "Prisma"
    },
    "Spagetid Ristor DIVELLA 500g": {
      "category": "Barbora:Pasta",
      "entries": [
        {
          "t": "2026-01-19T22:48:22.096597",
          "p": 0.0
        },
        {
          "t": "2026-01-20T20:19:16.356742",
          "p": 1.49
        }
      ],
      "latest_price": 1.49,
      "price_per_unit": 2.98,
      "unit_label": "kg",
      "url": "https://barbora.ee/toode/spagetid-ristor-divella-500-g",
      "img": "https://cdn.barbora.ee/products/f9e9f5d4-3d6d-414b-8b85-fb2cc8230c9a_m.png",
      "store": "Barbora",
      "is_sale": false
    },
    "Makaronid Penn Ziti Rigate DIVELLA 500g": {
      "category": "Barbora:Pasta",
      "entries": [
        {
          "t": "2026-01-19T22:48:22.096597",
          "p": 0.0
        },
        {
          "t": "2026-01-20T20:19:16.356742",
          "p": 1.49
        }
      ],
      "latest_price": 1.49,
      "price_per_unit": 2.98,
      "unit_label": "kg",
      "url": "https://barbora.ee/toode/makaronid-penn-ziti-rigate-divella-500-g",
      "img": "https://cdn.barbora.ee/products/79f22cb7-1eca-47b4-8b56-d4309112976a_m.png",
      "store": "Barbora",
      "is_sale": false
    },
    "Makaronid Gomiti DIVELLA 500g": {
      "category": "Barbora:Pasta",
      "entries": [
        {
          "t": "2026-01-19T22:48:22.096597",
          "p": 0.0
        },
        {
          "t": "2026-01-20T20:19:16.356742",
          "p": 1.49
        }
      ],
      "latest_price": 1.49,
      "price_per_unit": 2.98,
      "unit_label": "kg",
      "url": "https://barbora.ee/toode/makaronid-gomiti-divella-500-g",
      "img": "https://cdn.barbora.ee/products/922cbe03-b1c4-4477-8e38-d69bf4b36cf3_m.png",
      "store": "Barbora",
      "is_sale": false
    },
    "Makaronid Steline DIVELLA 500g": {
      "category": "Barbora:Pasta",
      "entries": [
        {
          "t": "2026-01-19T22:48:22.096597",
          "p": 0.0
        },
        {
          "t": "2026-01-20T20:19:16.356742",
          "p": 1.49
        }
      ],
      "latest_price": 1.49,
      "price_per_unit": 2.98,
      "unit_label": "kg",
      "url": "https://barbora.ee/toode/makaronid-steline-divella-500-g",
      "img": "https://cdn.barbora.ee/products/0d894198-d743-4055-af02-adfd55f23ba0_m.png",
      "store": "Barbora",
      "is_sale": false
    },
    "Makaronid Capellini DIVELLA 500g": {
      "category": "Barbora:Pasta",
      "entries": [
        {
          "t": "2026-01-19T22:48:22.096597",
          "p": 0.0
        },
        {
          "t": "2026-01-20T20:19:16.356742",
          "p": 1.49
        }
      ],
      "latest_price": 1.49,
      "price_per_unit": 2.98,
      "unit_label": "kg",
      "url": "https://barbora.ee/toode/makaronid-capellini-divella-500-g",
      "img": "https://cdn.barbora.ee/products/afb8e857-90d9-45d4-82e3-77c5b94514b0_m.png",
      "store": "Barbora",
      "is_sale": false
    },
    "Makaronid Tagliateli DIVELLA 500g": {
      "category": "Barbora:Pasta",
      "entries": [
        {
          "t": "2026-01-19T22:48:22.096597",
          "p": 0.0
        },
        {
          "t": "2026-01-20T20:19:16.356742",
          "p": 2.19
        }
      ],
      "latest_price": 2.19,
      "price_per_unit": 4.38,
      "unit_label": "kg",
      "url": "https://barbora.ee/toode/makaronid-tagliateli-divella-500-g",
      "img": "https://cdn.barbora.ee/products/a09b8599-9bfa-40c3-b405-4b372165ec41_m.png",
      "store": "Barbora",
      "is_sale": false
    },
    "Makaronid Farfalle DIVELLA 500g": {
      "category": "Barbora:Pasta",
      "entries": [
        {
          "t": "2026-01-19T22:48:22.096597",
          "p": 0.0
        },
        {
          "t": "2026-01-20T20:19:16.356742",
          "p": 2.19
        }
      ],
      "latest_price": 2.19,
      "price_per_unit": 4.38,
      "unit_label": "kg",
      "url": "https://barbora.ee/toode/makaronid-farfalle-divella-500-g",
      "img": "https://cdn.barbora.ee/products/36d32d55-2ac0-4786-b6e6-daf7b919d4a6_m.png",
      "store": "Barbora",
      "is_sale": false
    },
    "Mahe -täisteraspagetid DELVERDE 500g": {
      "category": "Barbora:Pasta",
      "entries": [
        {
          "t": "2026-01-19T22:48:22.096597",
          "p": 0.0
        },
        {
          "t": "2026-01-27T10:47:10.945160",
          "p": 3.38
        },
        {
          "t": "2026-01-27T10:53:26.887629",
          "p": 1.69
        }
      ],
      "latest_price": 1.69,
      "price_per_unit": 3.38,
      "unit_label": "kg",
      "url": "https://barbora.ee/toode/mahe-taisteraspagetid-delverde-500-g",
      "img": "https://cdn.barbora.ee/products/71e173f6-0f4e-43aa-bd87-98a1f4363852_m.png",
      "store": "Barbora",
      "is_sale": false
    },
    "Spagetid n.5 PANZANI 500g": {
      "category": "Barbora:Pasta",
      "entries": [
        {
          "t": "2026-01-19T22:48:22.096597",
          "p": 0.0
        },
        {
          "t": "2026-01-27T10:47:10.945160",
          "p": 3.18
        },
        {
          "t": "2026-01-27T10:53:26.887629",
          "p": 1.59
        }
      ],
      "latest_price": 1.59,
      "price_per_unit": 3.18,
      "unit_label": "kg",
      "url": "https://barbora.ee/toode/spagetid-n-5-panzani-500-g",
      "img": "https://cdn.barbora.ee/products/56090798-9cfb-4d6b-aac7-cc2953f0a5ea_m.png",
      "store": "Barbora",
      "is_sale": false
    },
    "Makaronid spiraalid Fusilli PANZANI 500g": {
      "category": "Barbora:Pasta",
      "entries": [
        {
          "t": "2026-01-19T22:48:22.096597",
          "p": 0.0
        },
        {
          "t": "2026-01-27T10:47:10.945160",
          "p": 3.18
        },
        {
          "t": "2026-01-27T10:53:26.887629",
          "p": 1.59
        }
      ],
      "latest_price": 1.59,
      "price_per_unit": 3.18,
      "unit_label": "kg",
      "url": "https://barbora.ee/toode/makaronid-spiraalid-fusilli-panzani-500-g",
      "img": "https://cdn.barbora.ee/products/4fa31a8b-72e7-4aa4-86fc-694fa0d27a4a_m.png",
      "store": "Barbora",
      "is_sale": false
    },
    "Makaronid Penne TARTU MILL 500g": {
      "category": "Barbora:Pasta",
      "entries": [
        {
          "t": "2026-01-19T22:48:22.096597",
          "p": 0.0
        },
        {
          "t": "2026-01-27T10:47:10.945160",
          "p": 1.98
        },
        {
          "t": "2026-01-27T10:53:26.887629",
          "p": 0.99
        }
      ],
      "latest_price": 0.99,
      "price_per_unit": 1.98,
      "unit_label": "kg",
      "url": "https://barbora.ee/toode/makaronid-penne-tartu-mill-500-g",
      "img": "https://cdn.barbora.ee/products/617da7e0-3d69-4a5e-919c-369fcd4924c0_m.png",
      "store": "Barbora",
      "is_sale": false
    },
    "Makaronid Cornetti TARTU MILL 500g": {
      "category": "Barbora:Pasta",
      "entries": [
        {
          "t": "2026-01-19T22:48:22.096597",
          "p": 0.0
        },
        {
          "t": "2026-01-27T10:47:10.945160",
          "p": 1.98
        },
        {
          "t": "2026-01-27T10:53:26.887629",
          "p": 0.99
        }
      ],
      "latest_price": 0.99,
      "price_per_unit": 1.98,
      "unit_label": "kg",
      "url": "https://barbora.ee/toode/makaronid-cornetti-tartu-mill-500-g",
      "img": "https://cdn.barbora.ee/products/21675657-1436-4244-bf7b-5f778b23d7c9_m.png",
      "store": "Barbora",
      "is_sale": false
    },
    "Jahutusvedelik ROTZ -35⁰C 1kg": {
      "category": "Barbora:Autokeemia",
      "entries": [
        {
          "t": "2026-01-19T22:52:11.045436",
          "p": 2.49
        }
      ],
      "latest_price": 2.49,
      "price_per_unit": 2.49,
      "unit_label": "kg",
      "url": "https://barbora.ee/toode/jahutusvedelik-rotz-35-c-1-kg",
      "img": "https://cdn.barbora.ee/products/3eb6c738-f99f-4973-b583-4c82eaa3effe_m.png",
      "store": "Barbora",
      "is_sale": false
    },
    "Jahutusvedelik ROTZ -35⁰C 5kg": {
      "category": "Barbora:Autokeemia",
      "entries": [
        {
          "t": "2026-01-19T22:52:11.045436",
          "p": 7.99
        }
      ],
      "latest_price": 7.99,
      "price_per_unit": 1.6,
      "unit_label": "kg",
      "url": "https://barbora.ee/toode/jahutusvedelik-rotz-35-c-5-kg",
      "img": "https://cdn.barbora.ee/products/aa0a722c-382a-4311-b87d-e2749e9a74f1_m.png",
      "store": "Barbora",
      "is_sale": false
    },
    "Bensiinimootori revitalisant XADO 9ml": {
      "category": "Barbora:Autokeemia",
      "entries": [
        {
          "t": "2026-01-19T22:52:11.045436",
          "p": 23.99
        }
      ],
      "latest_price": 23.99,
      "price_per_unit": 2665.56,
      "unit_label": "kg",
      "url": "https://barbora.ee/toode/bensiinimootori-revitalisant-xado-9-ml",
      "img": "https://cdn.barbora.ee/products/3779d859-c644-40f3-aeb6-2ff3f4b170e3_m.png",
      "store": "Barbora",
      "is_sale": false
    },
    "Diiselmootori revitalisant XADO 9ml": {
      "category": "Barbora:Autokeemia",
      "entries": [
        {
          "t": "2026-01-19T22:52:11.045436",
          "p": 23.99
        }
      ],
      "latest_price": 23.99,
      "price_per_unit": 2665.56,
      "unit_label": "kg",
      "url": "https://barbora.ee/toode/diiselmootori-revitalisant-xado-9-ml",
      "img": "https://cdn.barbora.ee/products/951ac0f5-ce8c-4de9-bb48-94bddb193464_m.png",
      "store": "Barbora",
      "is_sale": false
    },
    "Käigukasti/redukt.revital.XADO EX120 9ml": {
      "category": "Barbora:Autokeemia",
      "entries": [
        {
          "t": "2026-01-19T22:52:11.045436",
          "p": 21.99
        }
      ],
      "latest_price": 21.99,
      "price_per_unit": 21.99,
      "unit_label": "kg",
      "url": "https://barbora.ee/toode/kaigukasti-redukt-revital-xado-ex-120-9-ml",
      "img": "https://cdn.barbora.ee/products/259bc5ef-e717-4613-a2b5-4d858f044f3d_m.png",
      "store": "Barbora",
      "is_sale": false
    },
    "Roolivõimendi revitalis.XADO EX120 9ml": {
      "category": "Barbora:Autokeemia",
      "entries": [
        {
          "t": "2026-01-19T22:52:11.045436",
          "p": 21.99
        }
      ],
      "latest_price": 21.99,
      "price_per_unit": 21.99,
      "unit_label": "kg",
      "url": "https://barbora.ee/toode/roolivoimendi-revitalis-xado-ex-120-9-ml",
      "img": "https://cdn.barbora.ee/products/9710160e-91ec-46eb-8a36-8418e69d04f5_m.png",
      "store": "Barbora",
      "is_sale": false
    },
    "Pidurivedelik ROTZ 250g DOT-4": {
      "category": "Barbora:Autokeemia",
      "entries": [
        {
          "t": "2026-01-19T22:52:11.045436",
          "p": 2.29
        }
      ],
      "latest_price": 2.29,
      "price_per_unit": 9.16,
      "unit_label": "kg",
      "url": "https://barbora.ee/toode/pidurivedelik-rotz-250-g-dot-4",
      "img": "https://cdn.barbora.ee/products/28245876-92d6-4f60-842f-1c2f728218be_m.png",
      "store": "Barbora",
      "is_sale": false
    },
    "Õlilisand mootorile XADO 225ml": {
      "category": "Barbora:Autokeemia",
      "entries": [
        {
          "t": "2026-01-19T22:52:11.045436",
          "p": 23.99
        }
      ],
      "latest_price": 23.99,
      "price_per_unit": 106.62,
      "unit_label": "kg",
      "url": "https://barbora.ee/toode/olilisand-mootorile-xado-225-ml",
      "img": "https://cdn.barbora.ee/products/0d634ca4-e84f-482a-83cd-b86abcb6a747_m.png",
      "store": "Barbora",
      "is_sale": false
    },
    "Diislikütuse süsteemi puh.vah.XADO 250ml": {
      "category": "Barbora:Autokeemia",
      "entries": [
        {
          "t": "2026-01-19T22:52:11.045436",
          "p": 16.99
        }
      ],
      "latest_price": 16.99,
      "price_per_unit": 67.96,
      "unit_label": "kg",
      "url": "https://barbora.ee/toode/diislikutuse-susteemi-puh-vah-xado-250-ml",
      "img": "https://cdn.barbora.ee/products/73db265f-1796-47b5-bafe-95b16cdfac5f_m.png",
      "store": "Barbora",
      "is_sale": false
    },
    "Lekke peataja õlilisand XADO 250ml": {
      "category": "Barbora:Autokeemia",
      "entries": [
        {
          "t": "2026-01-19T22:52:11.045436",
          "p": 16.99
        }
      ],
      "latest_price": 16.99,
      "price_per_unit": 67.96,
      "unit_label": "kg",
      "url": "https://barbora.ee/toode/lekke-peataja-olilisand-xado-250-ml",
      "img": "https://cdn.barbora.ee/products/0595e543-00b7-4dd1-8fb5-809a2599bcba_m.png",
      "store": "Barbora",
      "is_sale": false
    },
    "Õlilisand mootor.XADO Compl.Oil Tr.250ml": {
      "category": "Barbora:Autokeemia",
      "entries": [
        {
          "t": "2026-01-19T22:52:11.045436",
          "p": 14.99
        }
      ],
      "latest_price": 14.99,
      "price_per_unit": 59.96,
      "unit_label": "kg",
      "url": "https://barbora.ee/toode/olilisand-mootor-xado-compl-oil-tr-250-ml",
      "img": "https://cdn.barbora.ee/products/a495e58c-edfc-46dd-94ae-f08c52c84e2d_m.png",
      "store": "Barbora",
      "is_sale": false
    },
    "Diislikütuse lisand puh/taast.XADO 250ml": {
      "category": "Barbora:Autokeemia",
      "entries": [
        {
          "t": "2026-01-19T22:52:11.045436",
          "p": 16.99
        }
      ],
      "latest_price": 16.99,
      "price_per_unit": 67.96,
      "unit_label": "kg",
      "url": "https://barbora.ee/toode/diislikutuse-lisand-puh-taast-xado-250-ml",
      "img": "https://cdn.barbora.ee/products/75a3110d-de4e-4405-ba70-43828cc8e096_m.png",
      "store": "Barbora",
      "is_sale": false
    },
    "Bensiiniküt.süsteemi puh.vah.XADO 250ml": {
      "category": "Barbora:Autokeemia",
      "entries": [
        {
          "t": "2026-01-19T22:52:11.045436",
          "p": 16.99
        }
      ],
      "latest_price": 16.99,
      "price_per_unit": 67.96,
      "unit_label": "kg",
      "url": "https://barbora.ee/toode/bensiinikut-susteemi-puh-vah-xado-250-ml",
      "img": "https://cdn.barbora.ee/products/ade1dc73-82b7-475d-98a9-c4a662192d90_m.png",
      "store": "Barbora",
      "is_sale": false
    },
    "Lukusulataja TURTLE WAX 50ml": {
      "category": "Barbora:Autokeemia",
      "entries": [
        {
          "t": "2026-01-19T22:52:11.045436",
          "p": 3.59
        }
      ],
      "latest_price": 3.59,
      "price_per_unit": 71.8,
      "unit_label": "kg",
      "url": "https://barbora.ee/toode/lukusulataja-turtle-wax-50-ml",
      "img": "https://cdn.barbora.ee/products/b8b64f30-2c13-4526-8080-e31b75c6a9f9_m.png",
      "store": "Barbora",
      "is_sale": false
    },
    "Poolsünt. õli WOLVER LIGHT 10W-40 1L": {
      "category": "Barbora:Autokeemia",
      "entries": [
        {
          "t": "2026-01-19T22:52:11.045436",
          "p": 7.19
        }
      ],
      "latest_price": 7.19,
      "price_per_unit": 7.19,
      "unit_label": "kg",
      "url": "https://barbora.ee/toode/poolsunt-oli-wolver-light-10-w-40-1-l",
      "img": "https://cdn.barbora.ee/products/6df84151-dd55-414b-b5ae-b72066ba4418_m.png",
      "store": "Barbora",
      "is_sale": false
    },
    "Jahutusvedelik ROTZ -35⁰ 1kg G12": {
      "category": "Barbora:Autokeemia",
      "entries": [
        {
          "t": "2026-01-19T22:52:11.045436",
          "p": 2.79
        }
      ],
      "latest_price": 2.79,
      "price_per_unit": 2.79,
      "unit_label": "kg",
      "url": "https://barbora.ee/toode/jahutusvedelik-rotz-35-1-kg-g-12",
      "img": "https://cdn.barbora.ee/products/e84d582d-0915-41ca-8441-8bac1e2c6958_m.png",
      "store": "Barbora",
      "is_sale": false
    },
    "Destilleeritud vesi ROTZ 1L": {
      "category": "Barbora:Autokeemia",
      "entries": [
        {
          "t": "2026-01-19T22:52:11.045436",
          "p": 1.59
        }
      ],
      "latest_price": 1.59,
      "price_per_unit": 1.59,
      "unit_label": "kg",
      "url": "https://barbora.ee/toode/destilleeritud-vesi-rotz-1-l",
      "img": "https://cdn.barbora.ee/products/155b686f-cc3e-4f97-9e37-204b4440237b_m.png",
      "store": "Barbora",
      "is_sale": false
    },
    "Jääsulataja TURTLE WAX 500ml": {
      "category": "Barbora:Autokeemia",
      "entries": [
        {
          "t": "2026-01-19T22:52:11.045436",
          "p": 5.99
        }
      ],
      "latest_price": 5.99,
      "price_per_unit": 11.98,
      "unit_label": "kg",
      "url": "https://barbora.ee/toode/jaasulataja-turtle-wax-500-ml",
      "img": "https://cdn.barbora.ee/products/83b72363-7ffb-4646-ab48-eac3dbc95a94_m.png",
      "store": "Barbora",
      "is_sale": false
    },
    "Mootoriõli CASTROL Edge 5W-30Longlife 1L": {
      "category": "Barbora:Autokeemia",
      "entries": [
        {
          "t": "2026-01-19T22:52:11.045436",
          "p": 23.49
        }
      ],
      "latest_price": 23.49,
      "price_per_unit": 23.49,
      "unit_label": "kg",
      "url": "https://barbora.ee/toode/mootorioli-castrol-edge-5-w-30-longlife-1-l",
      "img": "https://cdn.barbora.ee/products/56220503-eca9-4f31-a2c1-435c9f095023_m.png",
      "store": "Barbora",
      "is_sale": false
    },
    "Mootori pesuvahend ROTZ 500ml": {
      "category": "Barbora:Autokeemia",
      "entries": [
        {
          "t": "2026-01-19T22:52:11.045436",
          "p": 3.49
        }
      ],
      "latest_price": 3.49,
      "price_per_unit": 6.98,
      "unit_label": "kg",
      "url": "https://barbora.ee/toode/mootori-pesuvahend-rotz-500-ml",
      "img": "https://cdn.barbora.ee/products/8d54d7fc-0eac-40f3-8818-00f16e62b2d2_m.png",
      "store": "Barbora",
      "is_sale": false
    },
    "Jääsulataja ROTZ 500ml": {
      "category": "Barbora:Autokeemia",
      "entries": [
        {
          "t": "2026-01-19T22:52:11.045436",
          "p": 3.69
        },
        {
          "t": "2026-01-27T21:37:05.317891",
          "p": 1.99
        }
      ],
      "latest_price": 1.99,
      "price_per_unit": 3.98,
      "unit_label": "kg",
      "url": "https://barbora.ee/toode/jaasulataja-rotz-500-ml",
      "img": "https://cdn.barbora.ee/products/b842f656-8c73-4235-a248-4d4f0fb1ff26_m.png",
      "store": "Barbora",
      "is_sale": false
    },
    "Happevaba veljepuhastusvahend ROTZ 500ml": {
      "category": "Barbora:Autokeemia",
      "entries": [
        {
          "t": "2026-01-19T22:52:11.045436",
          "p": 4.29
        }
      ],
      "latest_price": 4.29,
      "price_per_unit": 8.58,
      "unit_label": "kg",
      "url": "https://barbora.ee/toode/happevaba-veljepuhastusvahend-rotz-500-ml",
      "img": "https://cdn.barbora.ee/products/94d6ac8f-27d3-4c3a-80bb-45972331e37b_m.png",
      "store": "Barbora",
      "is_sale": false
    },
    "Jahutusvedelik TURTLE WAX-38C 1L G12": {
      "category": "Barbora:Autokeemia",
      "entries": [
        {
          "t": "2026-01-19T22:52:11.045436",
          "p": 4.09
        }
      ],
      "latest_price": 4.09,
      "price_per_unit": 4.09,
      "unit_label": "kg",
      "url": "https://barbora.ee/toode/jahutusvedelik-turtle-wax-38-c-1-l-g-12",
      "img": "https://cdn.barbora.ee/products/95058287-84ea-485e-9710-b182f2d98711_m.png",
      "store": "Barbora",
      "is_sale": false
    },
    "Mootoriõli XADO Red Boost 5W-40 C3 1L": {
      "category": "Barbora:Autokeemia",
      "entries": [
        {
          "t": "2026-01-19T22:52:11.045436",
          "p": 14.99
        }
      ],
      "latest_price": 14.99,
      "price_per_unit": 14.99,
      "unit_label": "kg",
      "url": "https://barbora.ee/toode/mootorioli-xado-red-boost-5-w-40-c-3-1-l",
      "img": "https://cdn.barbora.ee/products/47326bb3-1498-4e86-9674-7c22cc451ff1_m.png",
      "store": "Barbora",
      "is_sale": false
    },
    "Lukusulataja ROTZ -30C 50ml": {
      "category": "Barbora:Autokeemia",
      "entries": [
        {
          "t": "2026-01-19T22:52:11.045436",
          "p": 2.99
        },
        {
          "t": "2026-01-27T21:37:05.317891",
          "p": 1.79
        }
      ],
      "latest_price": 1.79,
      "price_per_unit": 1.79,
      "unit_label": "kg",
      "url": "https://barbora.ee/toode/lukusulataja-rotz-30-c-50-ml",
      "img": "https://cdn.barbora.ee/products/296790b6-6bef-4f36-bf6e-caf8478f409b_m.png",
      "store": "Barbora",
      "is_sale": false
    },
    "Tume õlu GUINNESS Draught 4.2% 440ml,prk": {
      "category": "Barbora:Tumedad Õlled",
      "entries": [
        {
          "t": "2026-01-19T23:06:30.489722",
          "p": 2.69
        },
        {
          "t": "2026-01-27T10:31:51.707194",
          "p": 1.99
        }
      ],
      "latest_price": 1.99,
      "price_per_unit": 4.52,
      "unit_label": "L",
      "url": "https://barbora.ee/toode/tume-olu-guinness-draught-4-2-proc-440-ml-prk",
      "img": "https://cdn.barbora.ee/products/5e48baeb-0ce4-4f92-8a39-1626a2d0c9c3_m.png",
      "store": "Barbora",
      "is_sale": false
    },
    "Tume õlu TÕMMU HIID 4,7% 500ml": {
      "category": "Barbora:Tumedad Õlled",
      "entries": [
        {
          "t": "2026-01-19T23:06:30.489722",
          "p": 1.69
        },
        {
          "t": "2026-01-26T23:38:52.095158",
          "p": 1.79
        },
        {
          "t": "2026-01-27T10:31:51.707194",
          "p": 1.39
        }
      ],
      "latest_price": 1.39,
      "price_per_unit": 2.78,
      "unit_label": "L",
      "url": "https://barbora.ee/toode/tume-olu-tommu-hiid-4-7-proc-500-ml",
      "img": "https://cdn.barbora.ee/products/016ef041-6124-45e4-8731-3806a3be66f2_m.png",
      "store": "Barbora",
      "is_sale": false
    },
    "Tume õlu SAKU TUME 6,7% 500ml": {
      "category": "Barbora:Tumedad Õlled",
      "entries": [
        {
          "t": "2026-01-19T23:06:30.489722",
          "p": 1.85
        },
        {
          "t": "2026-01-26T23:38:52.095158",
          "p": 2.05
        },
        {
          "t": "2026-01-27T10:31:51.707194",
          "p": 1.49
        }
      ],
      "latest_price": 1.49,
      "price_per_unit": 2.98,
      "unit_label": "L",
      "url": "https://barbora.ee/toode/tume-olu-saku-tume-6-7-proc-500-ml",
      "img": "https://cdn.barbora.ee/products/3e6a9b97-2be1-4d08-b431-d62fbceefbb4_m.png",
      "store": "Barbora",
      "is_sale": false
    },
    "Tume õlu PORTER A.Le Coq 6.5% 500ml": {
      "category": "Barbora:Tumedad Õlled",
      "entries": [
        {
          "t": "2026-01-19T23:06:30.489722",
          "p": 1.85
        },
        {
          "t": "2026-01-26T23:38:52.095158",
          "p": 1.99
        },
        {
          "t": "2026-01-27T10:31:51.707194",
          "p": 1.49
        }
      ],
      "latest_price": 1.49,
      "price_per_unit": 2.98,
      "unit_label": "L",
      "url": "https://barbora.ee/toode/tume-olu-porter-a-le-coq-6-5-proc-500-ml",
      "img": "https://cdn.barbora.ee/products/78ab6c04-27a8-4c73-8045-957d60ccee60_m.png",
      "store": "Barbora",
      "is_sale": false
    },
    "Tume õlu BUDWEISER Budvar 4.7% 500ml": {
      "category": "Barbora:Tumedad Õlled",
      "entries": [
        {
          "t": "2026-01-19T23:06:30.489722",
          "p": 1.89
        },
        {
          "t": "2026-01-20T20:19:16.356742",
          "p": 2.65
        },
        {
          "t": "2026-01-26T23:38:52.095158",
          "p": 2.79
        },
        {
          "t": "2026-01-27T10:31:51.707194",
          "p": 2.09
        }
      ],
      "latest_price": 2.09,
      "price_per_unit": 4.18,
      "unit_label": "L",
      "url": "https://barbora.ee/toode/tume-olu-budweiser-budvar-4-7-proc-500-ml",
      "img": "https://cdn.barbora.ee/products/14d04d0c-1bfd-405d-8977-8a802f1d4c36_m.png",
      "store": "Barbora",
      "is_sale": false
    },
    "Tume õlu SAKU PORTER 6.9% 500ml": {
      "category": "Barbora:Tumedad Õlled",
      "entries": [
        {
          "t": "2026-01-19T23:06:30.489722",
          "p": 1.99
        },
        {
          "t": "2026-01-26T23:38:52.095158",
          "p": 2.05
        },
        {
          "t": "2026-01-27T10:31:51.707194",
          "p": 1.59
        }
      ],
      "latest_price": 1.59,
      "price_per_unit": 3.18,
      "unit_label": "L",
      "url": "https://barbora.ee/toode/tume-olu-saku-porter-6-9-proc-500-ml",
      "img": "https://cdn.barbora.ee/products/adc6a2c0-6c65-4f54-b122-d671711bd904_m.png",
      "store": "Barbora",
      "is_sale": false
    },
    "Tume õlu A.LE COQ JÕULUPORTER 6.5% 500ml": {
      "category": "Barbora:Tumedad Õlled",
      "entries": [
        {
          "t": "2026-01-19T23:06:30.489722",
          "p": 2.49
        }
      ],
      "latest_price": 2.49,
      "price_per_unit": 4.98,
      "unit_label": "L",
      "url": "https://barbora.ee/toode/tume-olu-a-le-coq-jouluporter-6-5-proc-500-ml",
      "img": "https://cdn.barbora.ee/products/581bc76d-4bba-42b9-9773-64f4333c8d52_m.png",
      "store": "Barbora"
    },
    "Tume õlu Guinness Original 33cl 5%": {
      "category": "Barbora:Tumedad Õlled",
      "entries": [
        {
          "t": "2026-01-19T23:06:30.489722",
          "p": 1.89
        },
        {
          "t": "2026-01-27T10:31:51.707194",
          "p": 1.49
        }
      ],
      "latest_price": 1.49,
      "price_per_unit": 4.52,
      "unit_label": "L",
      "url": "https://barbora.ee/toode/tume-olu-guinness-original-33-cl-5-proc",
      "img": "https://cdn.barbora.ee/products/59a02480-4ac8-4012-b791-175d40f7e900_m.png",
      "store": "Barbora",
      "is_sale": false
    },
    "T.õlu VELKOPOPOVICKY KOZEL 3.8% 500ml": {
      "category": "Barbora:Tumedad Õlled",
      "entries": [
        {
          "t": "2026-01-19T23:06:30.489722",
          "p": 2.39
        },
        {
          "t": "2026-01-26T23:38:52.095158",
          "p": 2.49
        },
        {
          "t": "2026-01-27T10:31:51.707194",
          "p": 1.69
        }
      ],
      "latest_price": 1.69,
      "price_per_unit": 3.38,
      "unit_label": "L",
      "url": "https://barbora.ee/toode/t-olu-velkopopovicky-kozel-3-8-proc-500-ml",
      "img": "https://cdn.barbora.ee/products/abb8a01c-390d-4040-9106-2c05f45367c1_m.png",
      "store": "Barbora",
      "is_sale": false
    },
    "Tume õlu EICHBAUM RED BEER 5,9% 0,5L": {
      "category": "Barbora:Tumedad Õlled",
      "entries": [
        {
          "t": "2026-01-19T23:06:30.489722",
          "p": 1.95
        },
        {
          "t": "2026-01-26T23:38:52.095158",
          "p": 1.99
        },
        {
          "t": "2026-01-27T10:31:51.707194",
          "p": 1.29
        }
      ],
      "latest_price": 1.29,
      "price_per_unit": 2.58,
      "unit_label": "L",
      "url": "https://barbora.ee/toode/tume-olu-eichbaum-red-beer-5-9-proc-0-5-l",
      "img": "https://cdn.barbora.ee/products/df013d8a-609c-4d59-9ec4-0f40d86c508a_m.png",
      "store": "Barbora",
      "is_sale": false
    },
    "Tume õlu EICHBAUM EXTRA STOUT 7,5%0,5L": {
      "category": "Barbora:Tumedad Õlled",
      "entries": [
        {
          "t": "2026-01-19T23:06:30.489722",
          "p": 2.05
        },
        {
          "t": "2026-01-26T23:38:52.095158",
          "p": 2.19
        },
        {
          "t": "2026-01-27T10:31:51.707194",
          "p": 1.49
        }
      ],
      "latest_price": 1.49,
      "price_per_unit": 2.98,
      "unit_label": "L",
      "url": "https://barbora.ee/toode/tume-olu-eichbaum-extra-stout-7-5-proc-0-5-l",
      "img": "https://cdn.barbora.ee/products/b2f87640-2f0f-4753-87ba-9b7314348167_m.png",
      "store": "Barbora",
      "is_sale": false
    },
    "Tume õlu AMBER CITY 5.6% 500ml": {
      "category": "Barbora:Tumedad Õlled",
      "entries": [
        {
          "t": "2026-01-19T23:06:30.489722",
          "p": 1.55
        },
        {
          "t": "2026-01-26T23:38:52.095158",
          "p": 1.59
        },
        {
          "t": "2026-01-27T10:31:51.707194",
          "p": 1.29
        }
      ],
      "latest_price": 1.29,
      "price_per_unit": 2.58,
      "unit_label": "L",
      "url": "https://barbora.ee/toode/tume-olu-amber-city-5-6-proc-500-ml",
      "img": "https://cdn.barbora.ee/products/9d521118-cd57-49cb-8be2-4e44479d99dd_m.png",
      "store": "Barbora",
      "is_sale": false
    },
    "Tume õlu Alexander Dunkel4,2% 0,568l prk": {
      "category": "Barbora:Tumedad Õlled",
      "entries": [
        {
          "t": "2026-01-19T23:06:30.489722",
          "p": 1.39
        },
        {
          "t": "2026-01-20T20:19:16.356742",
          "p": 1.79
        },
        {
          "t": "2026-01-26T23:38:52.095158",
          "p": 1.89
        },
        {
          "t": "2026-01-27T10:31:51.707194",
          "p": 1.49
        }
      ],
      "latest_price": 1.49,
      "price_per_unit": 2.63,
      "unit_label": "L",
      "url": "https://barbora.ee/toode/tume-olu-alexander-dunkel-4-2-proc-0-568-l-prk",
      "img": "https://cdn.barbora.ee/products/49c23262-337a-49e8-b063-b668e6e8ef8b_m.png",
      "store": "Barbora",
      "is_sale": false
    },
    "Tume õlu MUST NUNN 6%,500ml,pdl": {
      "category": "Barbora:Tumedad Õlled",
      "entries": [
        {
          "t": "2026-01-19T23:06:30.489722",
          "p": 2.25
        }
      ],
      "latest_price": 2.25,
      "price_per_unit": 4.5,
      "unit_label": "L",
      "url": "https://barbora.ee/toode/tume-olu-must-nunn-6-proc-500-ml-pdl",
      "img": "https://cdn.barbora.ee/products/9119ae38-8d13-49a1-8fc1-404b77cbf82a_m.png",
      "store": "Barbora",
      "is_sale": false
    },
    "Tume õlu IMPERIAL Doub.stout7% 400ml,pdl": {
      "category": "Barbora:Tumedad Õlled",
      "entries": [
        {
          "t": "2026-01-19T23:06:30.489722",
          "p": 2.05
        },
        {
          "t": "2026-01-26T23:38:52.095158",
          "p": 2.15
        },
        {
          "t": "2026-01-27T10:31:51.707194",
          "p": 1.69
        }
      ],
      "latest_price": 1.69,
      "price_per_unit": 4.23,
      "unit_label": "L",
      "url": "https://barbora.ee/toode/tume-olu-imperial-doub-stout-7-proc-400-ml-pdl",
      "img": "https://cdn.barbora.ee/products/05962529-2498-4b95-992f-aee5b5d57dbb_m.png",
      "store": "Barbora",
      "is_sale": false
    },
    "Tume õlu Leffe Brune 6.5% 500ml prk": {
      "category": "Barbora:Tumedad Õlled",
      "entries": [
        {
          "t": "2026-01-19T23:06:30.489722",
          "p": 2.65
        },
        {
          "t": "2026-01-26T23:38:52.095158",
          "p": 2.75
        },
        {
          "t": "2026-01-27T10:31:51.707194",
          "p": 2.19
        }
      ],
      "latest_price": 2.19,
      "price_per_unit": 4.38,
      "unit_label": "L",
      "url": "https://barbora.ee/toode/tume-olu-leffe-brune-6-5-proc-500-ml-prk",
      "img": "https://cdn.barbora.ee/products/d466cd3a-df91-414c-948d-84681673e1f5_m.png",
      "store": "Barbora",
      "is_sale": false
    },
    "Tume õlu AMBER CITY 5% Lager 500ml prk": {
      "category": "Barbora:Tumedad Õlled",
      "entries": [
        {
          "t": "2026-01-19T23:06:30.489722",
          "p": 1.49
        },
        {
          "t": "2026-01-20T20:19:16.356742",
          "p": 0.99
        },
        {
          "t": "2026-01-26T23:38:52.095158",
          "p": 1.59
        },
        {
          "t": "2026-01-27T10:31:51.707194",
          "p": 0.99
        }
      ],
      "latest_price": 0.99,
      "price_per_unit": 1.98,
      "unit_label": "L",
      "url": "https://barbora.ee/toode/tume-olu-amber-city-5-proc-lager-500-ml-prk",
      "img": "https://cdn.barbora.ee/products/30259d48-4f19-4a3f-9260-954e96d4ddd8_m.png",
      "store": "Barbora",
      "is_sale": false
    },
    "T.õlu GUBERNIJA Brown ale 5.9% 568ml prk": {
      "category": "Barbora:Tumedad Õlled",
      "entries": [
        {
          "t": "2026-01-19T23:06:30.489722",
          "p": 1.75
        },
        {
          "t": "2026-01-26T23:38:52.095158",
          "p": 1.79
        },
        {
          "t": "2026-01-27T10:31:51.707194",
          "p": 1.39
        }
      ],
      "latest_price": 1.39,
      "price_per_unit": 2.45,
      "unit_label": "L",
      "url": "https://barbora.ee/toode/t-olu-gubernija-brown-ale-5-9-proc-568-ml-prk",
      "img": "https://cdn.barbora.ee/products/3fcbacff-10fd-4e6b-9ba0-d8d942c1fe0c_m.png",
      "store": "Barbora",
      "is_sale": false
    },
    "Õllejook SAKU Kirsiõlu 4.5% 500ml, pudel": {
      "category": "Barbora:Tumedad Õlled",
      "entries": [
        {
          "t": "2026-01-19T23:06:30.489722",
          "p": 1.69
        },
        {
          "t": "2026-01-26T23:38:52.095158",
          "p": 1.85
        },
        {
          "t": "2026-01-27T10:31:51.707194",
          "p": 1.39
        }
      ],
      "latest_price": 1.39,
      "price_per_unit": 2.78,
      "unit_label": "L",
      "url": "https://barbora.ee/toode/ollejook-saku-kirsiolu-4-5-proc-500-ml-pudel",
      "img": "https://cdn.barbora.ee/products/5f977176-434e-4b0f-a4e0-85433efa1cf9_m.png",
      "store": "Barbora",
      "is_sale": false
    },
    "Tume õlu SAKU Apels.-šokolaadi 6% 500ml": {
      "category": "Barbora:Tumedad Õlled",
      "entries": [
        {
          "t": "2026-01-19T23:06:30.489722",
          "p": 1.99
        },
        {
          "t": "2026-01-26T23:38:52.095158",
          "p": 2.19
        },
        {
          "t": "2026-01-27T10:31:51.707194",
          "p": 1.55
        }
      ],
      "latest_price": 1.55,
      "price_per_unit": 3.1,
      "unit_label": "L",
      "url": "https://barbora.ee/toode/tume-olu-saku-apels-sokolaadi-6-proc-500-ml",
      "img": "https://cdn.barbora.ee/products/c79d31fa-ca96-4dd6-af32-7fa047133f61_m.png",
      "store": "Barbora",
      "is_sale": false
    },
    "Tume õlu PÕHJALA Laager 5% 440ml prk": {
      "category": "Barbora:Tumedad Õlled",
      "entries": [
        {
          "t": "2026-01-19T23:06:30.489722",
          "p": 2.19
        },
        {
          "t": "2026-01-26T23:38:52.095158",
          "p": 2.29
        },
        {
          "t": "2026-01-27T10:31:51.707194",
          "p": 1.89
        }
      ],
      "latest_price": 1.89,
      "price_per_unit": 4.29,
      "unit_label": "L",
      "url": "https://barbora.ee/toode/tume-olu-pohjala-laager-5-proc-440-ml-prk",
      "img": "https://cdn.barbora.ee/products/6a6236b6-3c4b-4736-867f-ee1fb3353b9a_m.png",
      "store": "Barbora",
      "is_sale": false
    },
    "T.õllejook SAKU Kirsi-martsip.6%500mlpdl": {
      "category": "Barbora:Tumedad Õlled",
      "entries": [
        {
          "t": "2026-01-19T23:06:30.489722",
          "p": 1.99
        },
        {
          "t": "2026-01-26T23:38:52.095158",
          "p": 2.09
        },
        {
          "t": "2026-01-27T10:31:51.707194",
          "p": 1.59
        }
      ],
      "latest_price": 1.59,
      "price_per_unit": 3.18,
      "unit_label": "L",
      "url": "https://barbora.ee/toode/t-ollejook-saku-kirsi-martsip-6-proc-500-mlpdl",
      "img": "https://cdn.barbora.ee/products/88c23ce4-2e74-4958-a053-100e602f0aaa_m.png",
      "store": "Barbora",
      "is_sale": false
    },
    "Tume õlu ST.PIERRE Brune 6.5% 500ml": {
      "category": "Barbora:Tumedad Õlled",
      "entries": [
        {
          "t": "2026-01-19T23:06:30.489722",
          "p": 2.49
        },
        {
          "t": "2026-01-26T23:38:52.095158",
          "p": 2.59
        },
        {
          "t": "2026-01-27T10:31:51.707194",
          "p": 1.79
        }
      ],
      "latest_price": 1.79,
      "price_per_unit": 3.58,
      "unit_label": "L",
      "url": "https://barbora.ee/toode/tume-olu-st-pierre-brune-6-5-proc-500-ml",
      "img": "https://cdn.barbora.ee/products/2653e016-8748-4741-9cf4-030f33218974_m.png",
      "store": "Barbora",
      "is_sale": false
    },
    "Tume õlu SAKU Rubiin 5.5% 500ml": {
      "category": "Barbora:Tumedad Õlled",
      "entries": [
        {
          "t": "2026-01-19T23:06:30.489722",
          "p": 1.85
        },
        {
          "t": "2026-01-26T23:38:52.095158",
          "p": 1.89
        },
        {
          "t": "2026-01-27T10:31:51.707194",
          "p": 1.39
        }
      ],
      "latest_price": 1.39,
      "price_per_unit": 2.78,
      "unit_label": "L",
      "url": "https://barbora.ee/toode/tume-olu-saku-rubiin-5-5-proc-500-ml",
      "img": "https://cdn.barbora.ee/products/5670c841-f0c7-4078-90a8-ef74d477c6fe_m.png",
      "store": "Barbora",
      "is_sale": false
    },
    "Õlu Porter Piparkoogi A.LECOQ 6.5% 500ml": {
      "category": "Barbora:Tumedad Õlled",
      "entries": [
        {
          "t": "2026-01-19T23:06:30.489722",
          "p": 2.89
        }
      ],
      "latest_price": 2.89,
      "price_per_unit": 5.78,
      "unit_label": "L",
      "url": "https://barbora.ee/toode/olu-porter-piparkoogi-a-lecoq-6-5-proc-500-ml",
      "img": "https://cdn.barbora.ee/products/2277550d-828e-4007-9857-367e29b5e202_m.png",
      "store": "Barbora"
    },
    "Õlu SAKU Talveporter 6.9% 500ml": {
      "category": "Barbora:Tumedad Õlled",
      "entries": [
        {
          "t": "2026-01-19T23:06:30.489722",
          "p": 2.19
        }
      ],
      "latest_price": 2.19,
      "price_per_unit": 4.38,
      "unit_label": "L",
      "url": "https://barbora.ee/toode/olu-saku-talveporter-6-9-proc-500-ml",
      "img": "https://cdn.barbora.ee/products/d21f4aa1-91ce-4a1e-961c-07a3514e0b70_m.png",
      "store": "Barbora"
    },
    "Nisuõlu CRONUS 5.3% 500ml": {
      "category": "Barbora:Nisuõlled",
      "entries": [
        {
          "t": "2026-01-19T23:06:30.489722",
          "p": 1.55
        },
        {
          "t": "2026-01-26T23:38:52.095158",
          "p": 1.69
        },
        {
          "t": "2026-01-27T10:31:51.707194",
          "p": 0.99
        }
      ],
      "latest_price": 0.99,
      "price_per_unit": 1.98,
      "unit_label": "L",
      "url": "https://barbora.ee/toode/nisuolu-cronus-5-3-proc-500-ml",
      "img": "https://cdn.barbora.ee/products/c5746775-2727-48e9-9a1d-f22adaa53fe0_m.png",
      "store": "Barbora",
      "is_sale": false
    },
    "Nisuõlu PAULANER Weisbier 5.5% 500ml": {
      "category": "Barbora:Nisuõlled",
      "entries": [
        {
          "t": "2026-01-19T23:06:30.489722",
          "p": 3.09
        },
        {
          "t": "2026-01-27T10:31:51.707194",
          "p": 2.39
        }
      ],
      "latest_price": 2.39,
      "price_per_unit": 4.78,
      "unit_label": "L",
      "url": "https://barbora.ee/toode/nisuolu-paulaner-weisbier-5-5-proc-500-ml",
      "img": "https://cdn.barbora.ee/products/a54a9bbb-7f92-42c0-a135-76e9a96355a1_m.png",
      "store": "Barbora",
      "is_sale": false
    },
    "Nisuõlu SCHÖFFERHOFER 5% 500ml": {
      "category": "Barbora:Nisuõlled",
      "entries": [
        {
          "t": "2026-01-19T23:06:30.489722",
          "p": 2.25
        },
        {
          "t": "2026-01-26T23:38:52.095158",
          "p": 2.49
        },
        {
          "t": "2026-01-27T10:31:51.707194",
          "p": 1.79
        }
      ],
      "latest_price": 1.79,
      "price_per_unit": 3.58,
      "unit_label": "L",
      "url": "https://barbora.ee/toode/nisuolu-schofferhofer-5-proc-500-ml",
      "img": "https://cdn.barbora.ee/products/7c454848-925c-46b0-b819-2c592d28de7a_m.png",
      "store": "Barbora",
      "is_sale": false
    },
    "Nisuõlu EICHBAUM Hefeweizen 5,2% 500ml": {
      "category": "Barbora:Nisuõlled",
      "entries": [
        {
          "t": "2026-01-19T23:06:30.489722",
          "p": 1.75
        },
        {
          "t": "2026-01-26T23:38:52.095158",
          "p": 1.79
        },
        {
          "t": "2026-01-27T10:31:51.707194",
          "p": 1.19
        }
      ],
      "latest_price": 1.19,
      "price_per_unit": 2.38,
      "unit_label": "L",
      "url": "https://barbora.ee/toode/nisuolu-eichbaum-hefeweizen-5-2-proc-500-ml",
      "img": "https://cdn.barbora.ee/products/8cd45685-9abb-49a5-a73a-190370169ba5_m.png",
      "store": "Barbora",
      "is_sale": false
    },
    "Nisuõlu AMBER CITY 5% 500ml": {
      "category": "Barbora:Nisuõlled",
      "entries": [
        {
          "t": "2026-01-19T23:06:30.489722",
          "p": 1.55
        },
        {
          "t": "2026-01-26T23:38:52.095158",
          "p": 1.59
        },
        {
          "t": "2026-01-27T10:31:51.707194",
          "p": 1.19
        }
      ],
      "latest_price": 1.19,
      "price_per_unit": 2.38,
      "unit_label": "L",
      "url": "https://barbora.ee/toode/nisuolu-amber-city-5-proc-500-ml",
      "img": "https://cdn.barbora.ee/products/62f58fc3-0573-4792-a655-af227fd5c287_m.png",
      "store": "Barbora",
      "is_sale": false
    },
    "Nisuõlu KronenbourgBlanc Fruits4.5% 0.5L": {
      "category": "Barbora:Nisuõlled",
      "entries": [
        {
          "t": "2026-01-19T23:06:30.489722",
          "p": 2.29
        },
        {
          "t": "2026-01-26T23:38:52.095158",
          "p": 2.39
        },
        {
          "t": "2026-01-27T10:31:51.707194",
          "p": 1.59
        }
      ],
      "latest_price": 1.59,
      "price_per_unit": 3.18,
      "unit_label": "L",
      "url": "https://barbora.ee/toode/nisuolu-kronenbourg-1664-rose-4-5-proc-500-ml",
      "img": "https://cdn.barbora.ee/products/8d068737-747e-4064-9e60-b372afdb0de2_m.png",
      "store": "Barbora",
      "is_sale": false
    },
    "Hele õlu KRONENBOURG 1664 5% 330ml,pdl": {
      "category": "Barbora:Nisuõlled",
      "entries": [
        {
          "t": "2026-01-19T23:06:30.489722",
          "p": 1.85
        },
        {
          "t": "2026-01-26T23:38:52.095158",
          "p": 1.89
        },
        {
          "t": "2026-01-27T10:31:51.707194",
          "p": 1.39
        }
      ],
      "latest_price": 1.39,
      "price_per_unit": 4.21,
      "unit_label": "L",
      "url": "https://barbora.ee/toode/hele-olu-kronenbourg-1664-5-proc-330-ml-pdl",
      "img": "https://cdn.barbora.ee/products/dd0c7535-8a7b-4c22-b200-53f9d2d52b9e_m.png",
      "store": "Barbora",
      "is_sale": false
    },
    "Nisuõlu AMBER CITY 4.5% 500ml prk": {
      "category": "Barbora:Nisuõlled",
      "entries": [
        {
          "t": "2026-01-19T23:06:30.489722",
          "p": 1.49
        },
        {
          "t": "2026-01-20T20:19:16.356742",
          "p": 0.99
        },
        {
          "t": "2026-01-26T23:38:52.095158",
          "p": 1.59
        },
        {
          "t": "2026-01-27T10:31:51.707194",
          "p": 0.99
        }
      ],
      "latest_price": 0.99,
      "price_per_unit": 1.98,
      "unit_label": "L",
      "url": "https://barbora.ee/toode/nisuolu-amber-city-4-5-proc-500-ml-prk",
      "img": "https://cdn.barbora.ee/products/5f5fd6e9-6082-4776-8b90-39a7fcbe98fd_m.png",
      "store": "Barbora",
      "is_sale": false
    },
    "Nisuõlu APOSTEL Weissbier 5.3% 500ml": {
      "category": "Barbora:Nisuõlled",
      "entries": [
        {
          "t": "2026-01-19T23:06:30.489722",
          "p": 1.75
        },
        {
          "t": "2026-01-26T22:36:20.613384",
          "p": 1.79
        },
        {
          "t": "2026-01-27T10:31:51.707194",
          "p": 1.09
        }
      ],
      "latest_price": 1.09,
      "price_per_unit": 2.18,
      "unit_label": "L",
      "url": "https://barbora.ee/toode/nisuolu-apostel-weissbier-5-3-proc-500-ml",
      "img": "https://cdn.barbora.ee/products/c2c0a80b-2517-41c9-a9eb-b76921675005_m.png",
      "store": "Barbora",
      "is_sale": false
    },
    "Nisuõlu APOSTEL Dunkel 5.3% 500ml": {
      "category": "Barbora:Nisuõlled",
      "entries": [
        {
          "t": "2026-01-19T23:06:30.489722",
          "p": 1.75
        },
        {
          "t": "2026-01-26T22:36:20.613384",
          "p": 1.79
        },
        {
          "t": "2026-01-27T10:31:51.707194",
          "p": 1.09
        }
      ],
      "latest_price": 1.09,
      "price_per_unit": 2.18,
      "unit_label": "L",
      "url": "https://barbora.ee/toode/nisuolu-apostel-dunkel-5-3-proc-500-ml",
      "img": "https://cdn.barbora.ee/products/a8b9d7a6-f99e-4672-9b1d-a85277258796_m.png",
      "store": "Barbora",
      "is_sale": false
    },
    "Hele õlu ST.PIERRE Wit 5% 500ml": {
      "category": "Barbora:Nisuõlled",
      "entries": [
        {
          "t": "2026-01-19T23:06:30.489722",
          "p": 2.49
        },
        {
          "t": "2026-01-26T23:38:52.095158",
          "p": 2.59
        },
        {
          "t": "2026-01-27T10:31:51.707194",
          "p": 1.79
        }
      ],
      "latest_price": 1.79,
      "price_per_unit": 3.58,
      "unit_label": "L",
      "url": "https://barbora.ee/toode/hele-olu-st-pierre-wit-5-proc-500-ml",
      "img": "https://cdn.barbora.ee/products/3969bb59-b1b8-4095-ab77-66c992359b7e_m.png",
      "store": "Barbora",
      "is_sale": false
    },
    "Nisuõlu KROMBACHER Weizen 5.3% 500ml": {
      "category": "Barbora:Nisuõlled",
      "entries": [
        {
          "t": "2026-01-19T23:06:30.489722",
          "p": 2.39
        },
        {
          "t": "2026-01-26T23:38:52.095158",
          "p": 2.49
        },
        {
          "t": "2026-01-27T10:31:51.707194",
          "p": 1.79
        }
      ],
      "latest_price": 1.79,
      "price_per_unit": 3.58,
      "unit_label": "L",
      "url": "https://barbora.ee/toode/nisuolu-krombacher-weizen-5-3-proc-500-ml",
      "img": "https://cdn.barbora.ee/products/ebc3c00a-7055-4280-b9fc-4c5326a5bb96_m.png",
      "store": "Barbora",
      "is_sale": false
    },
    "Rumm BACARDI Carta Blanca 37.5% 1L": {
      "category": "Barbora:Rummid",
      "entries": [
        {
          "t": "2026-01-19T23:06:30.489722",
          "p": 19.99
        }
      ],
      "latest_price": 19.99,
      "price_per_unit": 19.99,
      "unit_label": "L",
      "url": "https://barbora.ee/toode/rumm-bacardi-carta-blanca-37-5-proc-1-l",
      "img": "https://cdn.barbora.ee/products/3eeb8a25-fd14-46d3-aee4-0d5bcd8f0998_m.png",
      "store": "Barbora",
      "is_sale": false
    },
    "Rumm BACARDI Superior 37,5% 500ml": {
      "category": "Barbora:Rummid",
      "entries": [
        {
          "t": "2026-01-19T23:06:30.489722",
          "p": 12.99
        },
        {
          "t": "2026-01-20T20:19:16.356742",
          "p": 18.29
        }
      ],
      "latest_price": 18.29,
      "price_per_unit": 36.58,
      "unit_label": "L",
      "url": "https://barbora.ee/toode/rumm-bacardi-superior-37-5-proc-500-ml",
      "img": "https://cdn.barbora.ee/products/2ef3903f-515f-4d8f-9439-effc94b89fd1_m.png",
      "store": "Barbora",
      "is_sale": false
    },
    "Muu piir.jook CASINO Superior 50% 500ml": {
      "category": "Barbora:Rummid",
      "entries": [
        {
          "t": "2026-01-19T23:06:30.489722",
          "p": 17.49
        }
      ],
      "latest_price": 17.49,
      "price_per_unit": 34.98,
      "unit_label": "L",
      "url": "https://barbora.ee/toode/muu-piir-jook-casino-superior-50-proc-500-ml",
      "img": "https://cdn.barbora.ee/products/75067853-f0fc-4515-8d1a-922784b0af38_m.png",
      "store": "Barbora",
      "is_sale": false
    },
    "Rumm CAPTAIN MORGAN Dark rum 40%700ml": {
      "category": "Barbora:Rummid",
      "entries": [
        {
          "t": "2026-01-19T23:06:30.489722",
          "p": 17.99
        }
      ],
      "latest_price": 17.99,
      "price_per_unit": 25.7,
      "unit_label": "L",
      "url": "https://barbora.ee/toode/rumm-captain-morgan-dark-rum-40-proc-700-ml",
      "img": "https://cdn.barbora.ee/products/9f1c7fa2-de4a-4611-8c7a-4321c0a5c246_m.png",
      "store": "Barbora",
      "is_sale": false
    },
    "Piir.jookCAPTAIN MORGAN Spiced 35% 700ml": {
      "category": "Barbora:Rummid",
      "entries": [
        {
          "t": "2026-01-19T23:06:30.489722",
          "p": 14.99
        }
      ],
      "latest_price": 14.99,
      "price_per_unit": 21.41,
      "unit_label": "L",
      "url": "https://barbora.ee/toode/piir-jookcaptain-morgan-spiced-35-proc-700-ml",
      "img": "https://cdn.barbora.ee/products/8d7d840f-b191-4875-822c-5f9160f33220_m.png",
      "store": "Barbora",
      "is_sale": false
    },
    "Rumm BACARDI BLACK 40% 500ml": {
      "category": "Barbora:Rummid",
      "entries": [
        {
          "t": "2026-01-19T23:06:30.489722",
          "p": 12.99
        },
        {
          "t": "2026-01-20T20:19:16.356742",
          "p": 18.29
        }
      ],
      "latest_price": 18.29,
      "price_per_unit": 36.58,
      "unit_label": "L",
      "url": "https://barbora.ee/toode/rumm-bacardi-black-40-proc-500-ml",
      "img": "https://cdn.barbora.ee/products/2eeafc1a-3cba-467f-8672-542642525e36_m.png",
      "store": "Barbora",
      "is_sale": false
    },
    "Rumm BACARDI Carta Blanca 37.5%700ml": {
      "category": "Barbora:Rummid",
      "entries": [
        {
          "t": "2026-01-19T23:06:30.489722",
          "p": 14.99
        },
        {
          "t": "2026-01-26T23:38:52.095158",
          "p": 24.15
        }
      ],
      "latest_price": 24.15,
      "price_per_unit": 34.5,
      "unit_label": "L",
      "url": "https://barbora.ee/toode/rumm-bacardi-carta-blanca-37-5-proc-700-ml",
      "img": "https://cdn.barbora.ee/products/3691787d-b7ca-40f7-a982-fcb1edda79da_m.png",
      "store": "Barbora",
      "is_sale": false
    },
    "Rumm CAPTAIN MORGAN Dark 40% 1L": {
      "category": "Barbora:Rummid",
      "entries": [
        {
          "t": "2026-01-19T23:06:30.489722",
          "p": 34.49
        },
        {
          "t": "2026-01-27T10:31:51.707194",
          "p": 24.99
        }
      ],
      "latest_price": 24.99,
      "price_per_unit": 24.99,
      "unit_label": "L",
      "url": "https://barbora.ee/toode/rumm-captain-morgan-dark-40-proc-1-l",
      "img": "https://cdn.barbora.ee/products/fc77e4ae-9c76-4baa-8381-9f38e022e73e_m.png",
      "store": "Barbora",
      "is_sale": false
    },
    "Rumm CARIBBA Blanco 37,5% 500ml": {
      "category": "Barbora:Rummid",
      "entries": [
        {
          "t": "2026-01-19T23:06:30.489722",
          "p": 10.99
        },
        {
          "t": "2026-01-27T10:31:51.707194",
          "p": 8.99
        }
      ],
      "latest_price": 8.99,
      "price_per_unit": 17.98,
      "unit_label": "L",
      "url": "https://barbora.ee/toode/rumm-caribba-blanco-37-5-proc-500-ml",
      "img": "https://cdn.barbora.ee/products/a180d893-7701-472a-ad6a-07e58823e1bf_m.png",
      "store": "Barbora",
      "is_sale": false
    },
    "Rumm CARIBBA Negro 37,5% 500ml": {
      "category": "Barbora:Rummid",
      "entries": [
        {
          "t": "2026-01-19T23:06:30.489722",
          "p": 11.25
        },
        {
          "t": "2026-01-27T10:31:51.707194",
          "p": 8.99
        }
      ],
      "latest_price": 8.99,
      "price_per_unit": 17.98,
      "unit_label": "L",
      "url": "https://barbora.ee/toode/rumm-caribba-negro-37-5-proc-500-ml",
      "img": "https://cdn.barbora.ee/products/a1422075-571d-49d3-a0a7-27271b0b2472_m.png",
      "store": "Barbora",
      "is_sale": false
    },
    "Muu piir.jook STROH 40% 500ml": {
      "category": "Barbora:Rummid",
      "entries": [
        {
          "t": "2026-01-19T23:06:30.489722",
          "p": 13.99
        },
        {
          "t": "2026-01-26T23:38:52.095158",
          "p": 16.99
        }
      ],
      "latest_price": 16.99,
      "price_per_unit": 33.98,
      "unit_label": "L",
      "url": "https://barbora.ee/toode/muu-piir-jook-stroh-40-proc-500-ml",
      "img": "https://cdn.barbora.ee/products/2d51e7bc-263f-4801-a153-723456182720_m.png",
      "store": "Barbora",
      "is_sale": false
    },
    "Muu piir.jook STROH 80% 500ml": {
      "category": "Barbora:Rummid",
      "entries": [
        {
          "t": "2026-01-19T23:06:30.489722",
          "p": 22.99
        },
        {
          "t": "2026-01-26T23:38:52.095158",
          "p": 28.95
        }
      ],
      "latest_price": 28.95,
      "price_per_unit": 57.9,
      "unit_label": "L",
      "url": "https://barbora.ee/toode/muu-piir-jook-stroh-80-proc-500-ml",
      "img": "https://cdn.barbora.ee/products/56dfb19a-8129-49ac-9bcc-16ae811d3f48_m.png",
      "store": "Barbora",
      "is_sale": false
    },
    "Rum ANGOSTURA 5YO 40% 700ml": {
      "category": "Barbora:Rummid",
      "entries": [
        {
          "t": "2026-01-19T23:06:30.489722",
          "p": 24.99
        },
        {
          "t": "2026-01-26T23:38:52.095158",
          "p": 30.99
        }
      ],
      "latest_price": 30.99,
      "price_per_unit": 44.27,
      "unit_label": "L",
      "url": "https://barbora.ee/toode/rum-angostura-5-yo-40-proc-700-ml",
      "img": "https://cdn.barbora.ee/products/6d75abb1-3b0c-4964-aebd-dd33a8d5f492_m.png",
      "store": "Barbora",
      "is_sale": false
    },
    "Rum ANGOSTURA 7YO 40% 700ml": {
      "category": "Barbora:Rummid",
      "entries": [
        {
          "t": "2026-01-19T23:06:30.489722",
          "p": 41.99
        }
      ],
      "latest_price": 41.99,
      "price_per_unit": 59.99,
      "unit_label": "L",
      "url": "https://barbora.ee/toode/rum-angostura-7-yo-40-proc-700-ml",
      "img": "https://cdn.barbora.ee/products/0c0a8b55-cfc5-49ba-97c3-36d56db0c330_m.png",
      "store": "Barbora",
      "is_sale": false
    },
    "Muu piir.jook STROH 60% 500ml": {
      "category": "Barbora:Rummid",
      "entries": [
        {
          "t": "2026-01-19T23:06:30.489722",
          "p": 18.49
        },
        {
          "t": "2026-01-26T23:38:52.095158",
          "p": 22.99
        }
      ],
      "latest_price": 22.99,
      "price_per_unit": 45.98,
      "unit_label": "L",
      "url": "https://barbora.ee/toode/muu-piir-jook-stroh-60-proc-500-ml",
      "img": "https://cdn.barbora.ee/products/5338e759-20ef-4c26-a755-51b993bfdb9e_m.png",
      "store": "Barbora",
      "is_sale": false
    },
    "Rumm ANGOSTURA 1919 8YO Dark Rum,40%70cl": {
      "category": "Barbora:Rummid",
      "entries": [
        {
          "t": "2026-01-19T23:06:30.489722",
          "p": 33.99
        }
      ],
      "latest_price": 33.99,
      "price_per_unit": 48.56,
      "unit_label": "L",
      "url": "https://barbora.ee/toode/rumm-angostura-1919-8-yo-dark-rum-40-proc-70-cl",
      "img": "https://cdn.barbora.ee/products/a43c493d-4dcd-41cd-b520-16b405b97c86_m.png",
      "store": "Barbora",
      "is_sale": false
    },
    "Piir.jookCAPTAIN MORGAN Spiced 35% 500ml": {
      "category": "Barbora:Rummid",
      "entries": [
        {
          "t": "2026-01-19T23:06:30.489722",
          "p": 12.99
        }
      ],
      "latest_price": 12.99,
      "price_per_unit": 25.98,
      "unit_label": "L",
      "url": "https://barbora.ee/toode/piir-jookcaptain-morgan-spiced-35-proc-500-ml",
      "img": "https://cdn.barbora.ee/products/7ccef351-c6de-4cd9-b0f7-be968b74aaa8_m.png",
      "store": "Barbora",
      "is_sale": false
    },
    "Piiritusjook CARIBBA Xtabla 35% 500ml": {
      "category": "Barbora:Rummid",
      "entries": [
        {
          "t": "2026-01-19T23:06:30.489722",
          "p": 10.49
        },
        {
          "t": "2026-01-27T10:31:51.707194",
          "p": 7.99
        }
      ],
      "latest_price": 7.99,
      "price_per_unit": 15.98,
      "unit_label": "L",
      "url": "https://barbora.ee/toode/piiritusjook-caribba-xtabla-35-proc-500-ml",
      "img": "https://cdn.barbora.ee/products/ce5cfffa-6e08-4ed8-823c-388546177d33_m.png",
      "store": "Barbora",
      "is_sale": false
    },
    "Rumm MATUSALEM Solero 7yo 40% 700ml": {
      "category": "Barbora:Rummid",
      "entries": [
        {
          "t": "2026-01-19T23:06:30.489722",
          "p": 30.49
        }
      ],
      "latest_price": 30.49,
      "price_per_unit": 43.56,
      "unit_label": "L",
      "url": "https://barbora.ee/toode/rumm-matusalem-solero-7-yo-40-proc-700-ml",
      "img": "https://cdn.barbora.ee/products/91d86ae6-75b5-4e38-a4b5-0af5b3bdcbbb_m.png",
      "store": "Barbora",
      "is_sale": false
    },
    "Rumm ZACAPA Solera Gran Reserva 40% 700ml": {
      "category": "Barbora:Rummid",
      "entries": [
        {
          "t": "2026-01-19T23:06:30.489722",
          "p": 49.99
        }
      ],
      "latest_price": 49.99,
      "price_per_unit": 71.41,
      "unit_label": "L",
      "url": "https://barbora.ee/toode/rumm-zacapa-23-y-solera-40-proc-700-ml",
      "img": "https://cdn.barbora.ee/products/d1e6d0b5-3f94-401a-a471-fe35e1803f9f_m.png",
      "store": "Barbora",
      "is_sale": false
    },
    "Piir.jookCAPTAIN MORGAN Bl.Sp.35% 700ml": {
      "category": "Barbora:Rummid",
      "entries": [
        {
          "t": "2026-01-19T23:06:30.489722",
          "p": 27.29
        }
      ],
      "latest_price": 27.29,
      "price_per_unit": 38.99,
      "unit_label": "L",
      "url": "https://barbora.ee/toode/piir-jookcaptain-morgan-bl-sp-35-proc-700-ml",
      "img": "https://cdn.barbora.ee/products/808a719e-4ab2-4a44-8503-ea05e55ab842_m.png",
      "store": "Barbora",
      "is_sale": false
    },
    "Rumm CARIBBA Negro 37,5% 1l": {
      "category": "Barbora:Rummid",
      "entries": [
        {
          "t": "2026-01-19T23:06:30.489722",
          "p": 24.39
        },
        {
          "t": "2026-01-27T10:31:51.707194",
          "p": 19.99
        }
      ],
      "latest_price": 19.99,
      "price_per_unit": 19.99,
      "unit_label": "L",
      "url": "https://barbora.ee/toode/rumm-caribba-negro-37-5-proc-1-l",
      "img": "https://cdn.barbora.ee/products/ea46bef7-2cc7-4dad-8fb6-2325122d0770_m.png",
      "store": "Barbora",
      "is_sale": false
    },
    "Rumm CAPTAIN MORGAN White 37,5% 700ml": {
      "category": "Barbora:Rummid",
      "entries": [
        {
          "t": "2026-01-19T23:06:30.489722",
          "p": 23.99
        }
      ],
      "latest_price": 23.99,
      "price_per_unit": 34.27,
      "unit_label": "L",
      "url": "https://barbora.ee/toode/rumm-captain-morgan-white-37-5-proc-700-ml",
      "img": "https://cdn.barbora.ee/products/0e5071f4-2b0a-4666-bdbe-6a80389b8aa2_m.png",
      "store": "Barbora",
      "is_sale": false
    },
    "Rumm The COLONIST Dark 40% 70cl": {
      "category": "Barbora:Rummid",
      "entries": [
        {
          "t": "2026-01-19T23:06:30.489722",
          "p": 17.49
        },
        {
          "t": "2026-01-20T20:19:16.356742",
          "p": 12.99
        },
        {
          "t": "2026-01-27T10:31:51.707194",
          "p": 18.59
        }
      ],
      "latest_price": 18.59,
      "price_per_unit": 26.56,
      "unit_label": "L",
      "url": "https://barbora.ee/toode/rumm-the-colonist-dark-40-proc-70-cl",
      "img": "https://cdn.barbora.ee/products/8b979e97-045f-4752-9374-40a34910c920_m.png",
      "store": "Barbora",
      "is_sale": false
    },
    "Rumm The COLONIST Spiced Black 40% 700ml": {
      "category": "Barbora:Rummid",
      "entries": [
        {
          "t": "2026-01-19T23:06:30.489722",
          "p": 17.49
        },
        {
          "t": "2026-01-20T20:19:16.356742",
          "p": 12.99
        },
        {
          "t": "2026-01-27T10:31:51.707194",
          "p": 18.59
        }
      ],
      "latest_price": 18.59,
      "price_per_unit": 26.56,
      "unit_label": "L",
      "url": "https://barbora.ee/toode/rumm-the-colonist-spiced-black-40-proc-700-ml",
      "img": "https://cdn.barbora.ee/products/1a97a573-637b-4483-b0bf-c2b5ad971069_m.png",
      "store": "Barbora",
      "is_sale": false
    },
    "Rumm SHIPMASTER Silver white 37.5% 700ml": {
      "category": "Barbora:Rummid",
      "entries": [
        {
          "t": "2026-01-19T23:06:30.489722",
          "p": 10.49
        },
        {
          "t": "2026-01-27T10:31:51.707194",
          "p": 15.99
        }
      ],
      "latest_price": 15.99,
      "price_per_unit": 22.84,
      "unit_label": "L",
      "url": "https://barbora.ee/toode/rumm-shipmaster-silver-white-37-5-proc-700-ml",
      "img": "https://cdn.barbora.ee/products/bc29201b-ed8a-42c5-943e-96fac16b33de_m.png",
      "store": "Barbora",
      "is_sale": false
    },
    "Rumm SHIPMASTER Gold dark 37.5% 700ml": {
      "category": "Barbora:Rummid",
      "entries": [
        {
          "t": "2026-01-19T23:06:30.489722",
          "p": 10.49
        },
        {
          "t": "2026-01-27T10:31:51.707194",
          "p": 15.99
        }
      ],
      "latest_price": 15.99,
      "price_per_unit": 22.84,
      "unit_label": "L",
      "url": "https://barbora.ee/toode/rumm-shipmaster-gold-dark-37-5-proc-700-ml",
      "img": "https://cdn.barbora.ee/products/ade6fb51-1b41-4244-95ce-e3d1b433a0e7_m.png",
      "store": "Barbora",
      "is_sale": false
    },
    "Piiritusjook SHIPMASTER Spiced 35% 700ml": {
      "category": "Barbora:Rummid",
      "entries": [
        {
          "t": "2026-01-19T23:06:30.489722",
          "p": 10.49
        },
        {
          "t": "2026-01-27T10:31:51.707194",
          "p": 15.85
        }
      ],
      "latest_price": 15.85,
      "price_per_unit": 22.64,
      "unit_label": "L",
      "url": "https://barbora.ee/toode/piiritusjook-shipmaster-spiced-35-proc-700-ml",
      "img": "https://cdn.barbora.ee/products/5e3b68a5-cbee-4ed9-a948-96a7ea4e19c8_m.png",
      "store": "Barbora",
      "is_sale": false
    },
    "Rumm BUMBU 40% 700ml": {
      "category": "Barbora:Rummid",
      "entries": [
        {
          "t": "2026-01-19T23:06:30.489722",
          "p": 49.99
        }
      ],
      "latest_price": 49.99,
      "price_per_unit": 71.41,
      "unit_label": "L",
      "url": "https://barbora.ee/toode/rumm-bumbu-40-proc-700-ml",
      "img": "https://cdn.barbora.ee/products/1c6c1630-0e8c-4bf9-895c-33e19f1d0f6e_m.png",
      "store": "Barbora",
      "is_sale": false
    },
    "Rumm BUMBU XO 40% 700ml": {
      "category": "Barbora:Rummid",
      "entries": [
        {
          "t": "2026-01-19T23:06:30.489722",
          "p": 60.99
        }
      ],
      "latest_price": 60.99,
      "price_per_unit": 87.13,
      "unit_label": "L",
      "url": "https://barbora.ee/toode/rumm-bumbu-xo-40-proc-700-ml",
      "img": "https://cdn.barbora.ee/products/f786e562-9609-4167-b5e1-7d94fecbc35e_m.png",
      "store": "Barbora",
      "is_sale": false
    },
    "Rumm HAVANA CLUB Especial 37,5% 0,7l": {
      "category": "Barbora:Rummid",
      "entries": [
        {
          "t": "2026-01-19T23:06:30.489722",
          "p": 26.49
        }
      ],
      "latest_price": 26.49,
      "price_per_unit": 37.84,
      "unit_label": "L",
      "url": "https://barbora.ee/toode/rumm-havana-club-especial-37-5-proc-0-7-l",
      "img": "https://cdn.barbora.ee/products/641e81a4-c457-4a8d-9517-73895b61b1bf_m.png",
      "store": "Barbora",
      "is_sale": false
    },
    "Muu piir.jook BACARDI Spiced 35% 700ml": {
      "category": "Barbora:Rummid",
      "entries": [
        {
          "t": "2026-01-19T23:06:30.489722",
          "p": 15.99
        },
        {
          "t": "2026-01-26T23:38:52.095158",
          "p": 24.85
        }
      ],
      "latest_price": 24.85,
      "price_per_unit": 35.5,
      "unit_label": "L",
      "url": "https://barbora.ee/toode/muu-piir-jook-bacardi-spiced-35-proc-700-ml",
      "img": "https://cdn.barbora.ee/products/1d09fa4e-50f8-4cbd-b98e-4c2ef0446c09_m.png",
      "store": "Barbora",
      "is_sale": false
    },
    "Rumm HAVANA CLUB Anejo 3YO 37,5% 0,7l": {
      "category": "Barbora:Rummid",
      "entries": [
        {
          "t": "2026-01-19T23:06:30.489722",
          "p": 20.99
        }
      ],
      "latest_price": 20.99,
      "price_per_unit": 29.99,
      "unit_label": "L",
      "url": "https://barbora.ee/toode/rumm-havana-club-anejo-3-yo-37-5-proc-0-7-l-63587",
      "img": "https://cdn.barbora.ee/products/d52be16f-af8b-429f-96a5-768cba6612b2_m.png",
      "store": "Barbora",
      "is_sale": false
    },
    "Piir-jook CAPTAIN MORGAN Tiki 25% 700ml": {
      "category": "Barbora:Rummid",
      "entries": [
        {
          "t": "2026-01-19T23:06:30.489722",
          "p": 21.45
        },
        {
          "t": "2026-01-27T10:31:51.707194",
          "p": 14.99
        }
      ],
      "latest_price": 14.99,
      "price_per_unit": 21.41,
      "unit_label": "L",
      "url": "https://barbora.ee/toode/piir-jook-captain-morgan-tiki-25-proc-700-ml",
      "img": "https://cdn.barbora.ee/products/acea39f6-88ee-408b-987a-2e808b804f0b_m.png",
      "store": "Barbora",
      "is_sale": false
    },
    "Rumm CARIBBA Xtabla Cherry 35% 500ml": {
      "category": "Barbora:Rummid",
      "entries": [
        {
          "t": "2026-01-19T23:06:30.489722",
          "p": 10.99
        },
        {
          "t": "2026-01-27T10:31:51.707194",
          "p": 7.99
        }
      ],
      "latest_price": 7.99,
      "price_per_unit": 15.98,
      "unit_label": "L",
      "url": "https://barbora.ee/toode/rumm-caribba-xtabla-cherry-35-proc-500-ml",
      "img": "https://cdn.barbora.ee/products/6717fb7b-b1c1-4627-9c1a-561360220b83_m.png",
      "store": "Barbora",
      "is_sale": false
    },
    "Rumm CANEROCK 40% 700ml": {
      "category": "Barbora:Rummid",
      "entries": [
        {
          "t": "2026-01-19T23:06:30.489722",
          "p": 41.99
        }
      ],
      "latest_price": 41.99,
      "price_per_unit": 59.99,
      "unit_label": "L",
      "url": "https://barbora.ee/toode/rumm-canerock-40-proc-700-ml",
      "img": "https://cdn.barbora.ee/products/5b9319c0-a8cb-4e75-931d-94212e5beffd_m.png",
      "store": "Barbora",
      "is_sale": false
    },
    "Rumm FLOR DE CANA 7 Gran Res. 40% 700ml": {
      "category": "Barbora:Rummid",
      "entries": [
        {
          "t": "2026-01-19T23:06:30.489722",
          "p": 31.99
        }
      ],
      "latest_price": 31.99,
      "price_per_unit": 45.7,
      "unit_label": "L",
      "url": "https://barbora.ee/toode/rumm-flor-de-cana-7-gran-res-40-proc-700-ml",
      "img": "https://cdn.barbora.ee/products/b7229e24-6a21-4790-9069-1d39dc6f0dea_m.png",
      "store": "Barbora",
      "is_sale": false
    },
    "Rumm FLOR DE CANA 4 Extra Seco 40% 700ml": {
      "category": "Barbora:Rummid",
      "entries": [
        {
          "t": "2026-01-19T23:06:30.489722",
          "p": 20.89
        }
      ],
      "latest_price": 20.89,
      "price_per_unit": 29.84,
      "unit_label": "L",
      "url": "https://barbora.ee/toode/rumm-flor-de-cana-4-extra-seco-40-proc-700-ml",
      "img": "https://cdn.barbora.ee/products/c56a81fa-91cb-4b38-a3f6-c911601f3b78_m.png",
      "store": "Barbora",
      "is_sale": false
    },
    "Rumm BARRACUDA Silver 38% 0.7l": {
      "category": "Barbora:Rummid",
      "entries": [
        {
          "t": "2026-01-19T23:06:30.489722",
          "p": 15.99
        }
      ],
      "latest_price": 15.99,
      "price_per_unit": 22.85,
      "unit_label": "L",
      "url": "https://barbora.ee/toode/rumm-barracuda-silver-38-proc-0-7-l",
      "img": "https://cdn.barbora.ee/products/5af36056-5c69-4189-b104-f3478cf1e136_m.png",
      "store": "Barbora",
      "is_sale": false
    },
    "Rumm BARRACUDA Gold 38% 0.7l": {
      "category": "Barbora:Rummid",
      "entries": [
        {
          "t": "2026-01-19T23:06:30.489722",
          "p": 15.99
        }
      ],
      "latest_price": 15.99,
      "price_per_unit": 22.85,
      "unit_label": "L",
      "url": "https://barbora.ee/toode/rumm-barracuda-gold-38-proc-0-7-l",
      "img": "https://cdn.barbora.ee/products/6db3aa20-5a0e-4ada-b7a8-b61db5a0926c_m.png",
      "store": "Barbora",
      "is_sale": false
    },
    "Rumm BACARDI Carta Negra 37.5% 1L": {
      "category": "Barbora:Rummid",
      "entries": [
        {
          "t": "2026-01-19T23:06:30.489722",
          "p": 19.99
        }
      ],
      "latest_price": 19.99,
      "price_per_unit": 19.99,
      "unit_label": "L",
      "url": "https://barbora.ee/toode/rumm-bacardi-carta-negra-37-5-proc-1-l",
      "img": "https://cdn.barbora.ee/products/660ad2cf-3779-431e-b0dd-30d644901922_m.png",
      "store": "Barbora",
      "is_sale": false
    },
    "Rumm HIGUANA Silver Dry 38% 700ml": {
      "category": "Barbora:Rummid",
      "entries": [
        {
          "t": "2026-01-19T23:06:30.489722",
          "p": 12.99
        },
        {
          "t": "2026-01-27T10:31:51.707194",
          "p": 17.19
        }
      ],
      "latest_price": 17.19,
      "price_per_unit": 24.56,
      "unit_label": "L",
      "url": "https://barbora.ee/toode/rumm-higuana-silver-dry-38-proc-700-ml",
      "img": "https://cdn.barbora.ee/products/91b40a2f-514d-4766-9bcf-a749fe45c921_m.png",
      "store": "Barbora",
      "is_sale": false
    },
    "Rumm HIGUANA 3Y Carta Blanca 38% 700ml": {
      "category": "Barbora:Rummid",
      "entries": [
        {
          "t": "2026-01-19T23:06:30.489722",
          "p": 12.99
        },
        {
          "t": "2026-01-27T10:31:51.707194",
          "p": 18.65
        }
      ],
      "latest_price": 18.65,
      "price_per_unit": 26.64,
      "unit_label": "L",
      "url": "https://barbora.ee/toode/rumm-higuana-3-y-carta-blanca-38-proc-700-ml",
      "img": "https://cdn.barbora.ee/products/2962aecf-8650-461f-9938-bdc688a8c433_m.png",
      "store": "Barbora",
      "is_sale": false
    },
    "Muu p.j. ANGOSTURA Tamboo Sp. 40% 700ml": {
      "category": "Barbora:Rummid",
      "entries": [
        {
          "t": "2026-01-19T23:06:30.489722",
          "p": 33.49
        }
      ],
      "latest_price": 33.49,
      "price_per_unit": 47.84,
      "unit_label": "L",
      "url": "https://barbora.ee/toode/muu-p-j-angostura-tamboo-sp-40-proc-700-ml",
      "img": "https://cdn.barbora.ee/products/8b294595-5bad-4c50-bfef-50c6e2e8f846_m.png",
      "store": "Barbora",
      "is_sale": false
    },
    "Rumm FLOR DE CANA 12YO 40% 700ml": {
      "category": "Barbora:Rummid",
      "entries": [
        {
          "t": "2026-01-19T23:06:30.489722",
          "p": 43.99
        }
      ],
      "latest_price": 43.99,
      "price_per_unit": 62.84,
      "unit_label": "L",
      "url": "https://barbora.ee/toode/rumm-flor-de-cana-12-yo-40-proc-700-ml",
      "img": "https://cdn.barbora.ee/products/8d8b23ca-6406-40f7-a47b-5aee52ab66b2_m.png",
      "store": "Barbora",
      "is_sale": false
    },
    "Rum BOTRAN 8 Reserva Clasica 40% 700ml": {
      "category": "Barbora:Rummid",
      "entries": [
        {
          "t": "2026-01-19T23:06:30.489722",
          "p": 30.99
        },
        {
          "t": "2026-01-27T10:31:51.707194",
          "p": 24.99
        }
      ],
      "latest_price": 24.99,
      "price_per_unit": 35.7,
      "unit_label": "L",
      "url": "https://barbora.ee/toode/rum-botran-8-reserva-clasica-40-proc-700-ml",
      "img": "https://cdn.barbora.ee/products/fe63eb66-eba8-4ce3-b8ad-9490c58ae7d9_m.png",
      "store": "Barbora",
      "is_sale": false
    },
    "Muu piir.jook OAKHEART Orig. 32.5% 700ml": {
      "category": "Barbora:Rummid",
      "entries": [
        {
          "t": "2026-01-19T23:06:30.489722",
          "p": 15.99
        },
        {
          "t": "2026-01-26T23:38:52.095158",
          "p": 19.99
        }
      ],
      "latest_price": 19.99,
      "price_per_unit": 28.56,
      "unit_label": "L",
      "url": "https://barbora.ee/toode/muu-piir-jook-oakheart-orig-32-5-proc-700-ml",
      "img": "https://cdn.barbora.ee/products/692066fd-26a1-4dc5-9066-9e83e833bd42_m.png",
      "store": "Barbora",
      "is_sale": false
    },
    "Muu piir.jook BACARDI Car.Spic. 40%700ml": {
      "category": "Barbora:Rummid",
      "entries": [
        {
          "t": "2026-01-19T23:06:30.489722",
          "p": 38.99
        }
      ],
      "latest_price": 38.99,
      "price_per_unit": 55.7,
      "unit_label": "L",
      "url": "https://barbora.ee/toode/muu-piir-jook-bacardi-car-spic-40-proc-700-ml",
      "img": "https://cdn.barbora.ee/products/5b84251d-142b-4359-ad6e-02115691c4dd_m.png",
      "store": "Barbora",
      "is_sale": false
    },
    "Muu piir.j. JAMIE PARRA Spiced 35% 700ml": {
      "category": "Barbora:Rummid",
      "entries": [
        {
          "t": "2026-01-19T23:06:30.489722",
          "p": 12.99
        }
      ],
      "latest_price": 12.99,
      "price_per_unit": 18.56,
      "unit_label": "L",
      "url": "https://barbora.ee/toode/muu-piir-j-jamie-parra-spiced-35-proc-700-ml",
      "img": "https://cdn.barbora.ee/products/72a4859f-1a02-4093-8f56-5209cfd62a79_m.png",
      "store": "Barbora",
      "is_sale": false
    },
    "Rum JAMIE PARRA Dark 37.5% 700ml": {
      "category": "Barbora:Rummid",
      "entries": [
        {
          "t": "2026-01-19T23:06:30.489722",
          "p": 12.99
        }
      ],
      "latest_price": 12.99,
      "price_per_unit": 18.56,
      "unit_label": "L",
      "url": "https://barbora.ee/toode/rum-jamie-parra-dark-37-5-proc-700-ml",
      "img": "https://cdn.barbora.ee/products/1f1b64b5-abcd-4df6-a812-e8a4ddec3953_m.png",
      "store": "Barbora",
      "is_sale": false
    },
    "Rum JAMIE PARRA White 37.5% 700ml": {
      "category": "Barbora:Rummid",
      "entries": [
        {
          "t": "2026-01-19T23:06:30.489722",
          "p": 12.99
        }
      ],
      "latest_price": 12.99,
      "price_per_unit": 18.56,
      "unit_label": "L",
      "url": "https://barbora.ee/toode/rum-jamie-parra-white-37-5-proc-700-ml",
      "img": "https://cdn.barbora.ee/products/c7c5e8bc-8257-418c-9acd-b2d13af71ccd_m.png",
      "store": "Barbora",
      "is_sale": false
    },
    "Muu piir.jook OAKHEART Orig. 32.5% 500ml": {
      "category": "Barbora:Rummid",
      "entries": [
        {
          "t": "2026-01-19T23:06:30.489722",
          "p": 11.99
        },
        {
          "t": "2026-01-27T10:38:06.647216",
          "p": 15.99
        }
      ],
      "latest_price": 15.99,
      "price_per_unit": 31.98,
      "unit_label": "L",
      "url": "https://barbora.ee/toode/muu-piir-jook-oakheart-orig-32-5-proc-500-ml",
      "img": "https://cdn.barbora.ee/products/10878ac9-bcf1-4575-aee8-ffd6be87423e_m.png",
      "store": "Barbora",
      "is_sale": false
    },
    "Viin ABSOLUT 40% 700ml": {
      "category": "Barbora:Viinad",
      "entries": [
        {
          "t": "2026-01-19T23:06:30.489722",
          "p": 14.99
        }
      ],
      "latest_price": 14.99,
      "price_per_unit": 21.42,
      "unit_label": "L",
      "url": "https://barbora.ee/toode/viin-absolut-40-proc-700-ml",
      "img": "https://cdn.barbora.ee/products/7b7480a6-8c54-4010-91a4-afa0f9717140_m.png",
      "store": "Barbora",
      "is_sale": false
    },
    "Viin ZUBROWKA Biala 40% 500 ml": {
      "category": "Barbora:Viinad",
      "entries": [
        {
          "t": "2026-01-19T23:06:30.489722",
          "p": 10.99
        },
        {
          "t": "2026-01-27T21:50:41.846263",
          "p": 8.99
        }
      ],
      "latest_price": 8.99,
      "price_per_unit": 17.98,
      "unit_label": "L",
      "url": "https://barbora.ee/toode/viin-zubrowka-biala-40-proc-500-ml",
      "img": "https://cdn.barbora.ee/products/f8e78970-c0e5-4db4-a3ae-47700691782d_m.png",
      "store": "Barbora",
      "is_sale": false
    },
    "Viin VIRU VALGE VÄGEV 80% 0,5 L": {
      "category": "Barbora:Viinad",
      "entries": [
        {
          "t": "2026-01-19T23:06:30.489722",
          "p": 18.29
        },
        {
          "t": "2026-01-27T21:50:41.846263",
          "p": 20.99
        }
      ],
      "latest_price": 20.99,
      "price_per_unit": 41.98,
      "unit_label": "L",
      "url": "https://barbora.ee/toode/viin-viru-valge-vagev-80-proc-0-5-l",
      "img": "https://cdn.barbora.ee/products/ded89180-2b9d-46dd-b6ee-0954e249853f_m.png",
      "store": "Barbora",
      "is_sale": false
    },
    "Viin HLIBNY DAR Klassika 40% 1.75L": {
      "category": "Barbora:Viinad",
      "entries": [
        {
          "t": "2026-01-19T23:06:30.489722",
          "p": 23.99
        },
        {
          "t": "2026-01-27T21:50:41.846263",
          "p": 25.99
        }
      ],
      "latest_price": 25.99,
      "price_per_unit": 14.85,
      "unit_label": "L",
      "url": "https://barbora.ee/toode/viin-hlibny-dar-klassika-40-proc-1-75-l",
      "img": "https://cdn.barbora.ee/products/3863deea-f341-466a-a615-cd2b3adfab57_m.png",
      "store": "Barbora",
      "is_sale": false
    },
    "Viin VIRU VALGE 40% 1L": {
      "category": "Barbora:Viinad",
      "entries": [
        {
          "t": "2026-01-19T23:06:30.489722",
          "p": 15.99
        }
      ],
      "latest_price": 15.99,
      "price_per_unit": 15.99,
      "unit_label": "L",
      "url": "https://barbora.ee/toode/viin-viru-valge-40-proc-1-l",
      "img": "https://cdn.barbora.ee/products/fd54d9de-ecc5-4053-8ba0-3eae81fb3105_m.png",
      "store": "Barbora",
      "is_sale": false
    },
    "Viin VIRU VALGE 40% 500ml": {
      "category": "Barbora:Viinad",
      "entries": [
        {
          "t": "2026-01-19T23:06:30.489722",
          "p": 8.99
        }
      ],
      "latest_price": 8.99,
      "price_per_unit": 17.98,
      "unit_label": "L",
      "url": "https://barbora.ee/toode/viin-viru-valge-40-proc-500-ml",
      "img": "https://cdn.barbora.ee/products/de701163-bc3a-4bf8-a671-6facd5585cfe_m.png",
      "store": "Barbora",
      "is_sale": false
    },
    "Viin HEKLA 40% 1L": {
      "category": "Barbora:Viinad",
      "entries": [
        {
          "t": "2026-01-19T23:06:30.489722",
          "p": 16.35
        }
      ],
      "latest_price": 16.35,
      "price_per_unit": 16.35,
      "unit_label": "L",
      "url": "https://barbora.ee/toode/viin-hekla-40-proc-1-l",
      "img": "https://cdn.barbora.ee/products/3e2d8795-a3c8-47e1-a2b4-4859b6ff17c1_m.png",
      "store": "Barbora",
      "is_sale": false
    },
    "Viin LAUA 40% 500ml": {
      "category": "Barbora:Viinad",
      "entries": [
        {
          "t": "2026-01-19T23:06:30.489722",
          "p": 7.49
        }
      ],
      "latest_price": 7.49,
      "price_per_unit": 14.98,
      "unit_label": "L",
      "url": "https://barbora.ee/toode/viin-laua-40-proc-500-ml",
      "img": "https://cdn.barbora.ee/products/df9b8ac7-793f-4c03-b54f-0ef9eb58e033_m.png",
      "store": "Barbora",
      "is_sale": false
    },
    "Viin FINLANDIA 40% 500ml": {
      "category": "Barbora:Viinad",
      "entries": [
        {
          "t": "2026-01-19T23:06:30.489722",
          "p": 14.69
        },
        {
          "t": "2026-01-27T21:50:41.846263",
          "p": 15.55
        }
      ],
      "latest_price": 15.55,
      "price_per_unit": 31.1,
      "unit_label": "L",
      "url": "https://barbora.ee/toode/viin-finlandia-40-proc-500-ml",
      "img": "https://cdn.barbora.ee/products/a3f0fd37-9ee7-43ea-a37e-bfd4944690c8_m.png",
      "store": "Barbora",
      "is_sale": false
    },
    "Viin ABSOLUT Vodka 40% 500 ml": {
      "category": "Barbora:Viinad",
      "entries": [
        {
          "t": "2026-01-19T23:06:30.489722",
          "p": 9.99
        },
        {
          "t": "2026-01-27T21:50:41.846263",
          "p": 11.99
        }
      ],
      "latest_price": 11.99,
      "price_per_unit": 23.98,
      "unit_label": "L",
      "url": "https://barbora.ee/toode/viin-absolut-vodka-40-proc-500-ml",
      "img": "https://cdn.barbora.ee/products/f3586ab4-7b4e-4aca-8241-8fa15ba3d55e_m.png",
      "store": "Barbora",
      "is_sale": false
    },
    "Viin ABSOLUT Vodka 40% 1L": {
      "category": "Barbora:Viinad",
      "entries": [
        {
          "t": "2026-01-19T23:06:30.489722",
          "p": 28.99
        },
        {
          "t": "2026-01-27T21:50:41.846263",
          "p": 18.99
        }
      ],
      "latest_price": 18.99,
      "price_per_unit": 18.99,
      "unit_label": "L",
      "url": "https://barbora.ee/toode/viin-absolut-vodka-40-proc-1-l",
      "img": "https://cdn.barbora.ee/products/334091a8-dc48-4442-9422-d0c778cd6dba_m.png",
      "store": "Barbora",
      "is_sale": false
    },
    "Viin FINLANDIA 40% 700ml": {
      "category": "Barbora:Viinad",
      "entries": [
        {
          "t": "2026-01-19T23:06:30.489722",
          "p": 20.59
        },
        {
          "t": "2026-01-27T21:50:41.846263",
          "p": 21.75
        }
      ],
      "latest_price": 21.75,
      "price_per_unit": 31.07,
      "unit_label": "L",
      "url": "https://barbora.ee/toode/viin-finlandia-40-proc-700-ml",
      "img": "https://cdn.barbora.ee/products/ce4f8d10-6bde-41f3-9ebb-64e1a4738dba_m.png",
      "store": "Barbora",
      "is_sale": false
    },
    "Viin FINLANDIA 40% 1L": {
      "category": "Barbora:Viinad",
      "entries": [
        {
          "t": "2026-01-19T23:06:30.489722",
          "p": 27.49
        },
        {
          "t": "2026-01-27T21:50:41.846263",
          "p": 29.99
        }
      ],
      "latest_price": 29.99,
      "price_per_unit": 29.99,
      "unit_label": "L",
      "url": "https://barbora.ee/toode/viin-finlandia-40-proc-1-l",
      "img": "https://cdn.barbora.ee/products/d78d1892-10d8-4adc-87f6-7783a1502b5e_m.png",
      "store": "Barbora",
      "is_sale": false
    },
    "Viin SMIRNOFF Red 37.5% 500ml": {
      "category": "Barbora:Viinad",
      "entries": [
        {
          "t": "2026-01-19T23:06:30.489722",
          "p": 15.29
        },
        {
          "t": "2026-01-27T21:50:41.846263",
          "p": 9.99
        }
      ],
      "latest_price": 9.99,
      "price_per_unit": 19.98,
      "unit_label": "L",
      "url": "https://barbora.ee/toode/viin-smirnoff-red-37-5-proc-500-ml",
      "img": "https://cdn.barbora.ee/products/1414afdf-be48-4d49-a14f-7f1621fd55b6_m.png",
      "store": "Barbora",
      "is_sale": false
    },
    "Viin SMIRNOFF Red 37.5% 700ml": {
      "category": "Barbora:Viinad",
      "entries": [
        {
          "t": "2026-01-19T23:06:30.489722",
          "p": 14.99
        }
      ],
      "latest_price": 14.99,
      "price_per_unit": 21.41,
      "unit_label": "L",
      "url": "https://barbora.ee/toode/viin-smirnoff-red-37-5-proc-700-ml",
      "img": "https://cdn.barbora.ee/products/642ffaf4-1050-471d-b6d2-c7f3a207ac9e_m.png",
      "store": "Barbora",
      "is_sale": false
    },
    "Maits.viin NEMIROFF Hon.Pepp. 40% 500ml": {
      "category": "Barbora:Viinad",
      "entries": [
        {
          "t": "2026-01-19T23:06:30.489722",
          "p": 12.99
        },
        {
          "t": "2026-01-27T21:50:41.846263",
          "p": 14.49
        }
      ],
      "latest_price": 14.49,
      "price_per_unit": 28.98,
      "unit_label": "L",
      "url": "https://barbora.ee/toode/maits-viin-nemiroff-hon-pepp-40-proc-500-ml",
      "img": "https://cdn.barbora.ee/products/dd1d5b48-6789-4cb0-9629-3aef1024d5c4_m.png",
      "store": "Barbora",
      "is_sale": false
    },
    "Viin VIRU VALGE 40% 350ml": {
      "category": "Barbora:Viinad",
      "entries": [
        {
          "t": "2026-01-19T23:06:30.489722",
          "p": 7.69
        },
        {
          "t": "2026-01-27T21:50:41.846263",
          "p": 9.29
        }
      ],
      "latest_price": 9.29,
      "price_per_unit": 26.54,
      "unit_label": "L",
      "url": "https://barbora.ee/toode/viin-viru-valge-40-proc-350-ml",
      "img": "https://cdn.barbora.ee/products/20e3d5ba-8dfe-4a42-9676-a7ad210c29a1_m.png",
      "store": "Barbora",
      "is_sale": false
    },
    "Viin LAUA 40% 1L": {
      "category": "Barbora:Viinad",
      "entries": [
        {
          "t": "2026-01-19T23:06:30.489722",
          "p": 15.99
        }
      ],
      "latest_price": 15.99,
      "price_per_unit": 15.99,
      "unit_label": "L",
      "url": "https://barbora.ee/toode/viin-laua-40-proc-1-l",
      "img": "https://cdn.barbora.ee/products/336321b9-f5da-40a0-bab2-899de94a1df6_m.png",
      "store": "Barbora",
      "is_sale": false
    },
    "Viin LAUA 40% 700ml": {
      "category": "Barbora:Viinad",
      "entries": [
        {
          "t": "2026-01-19T23:06:30.489722",
          "p": 10.39
        }
      ],
      "latest_price": 10.39,
      "price_per_unit": 14.84,
      "unit_label": "L",
      "url": "https://barbora.ee/toode/viin-laua-40-proc-700-ml",
      "img": "https://cdn.barbora.ee/products/a3f7dc01-2320-48dd-9c1e-adf9a6eee28c_m.png",
      "store": "Barbora",
      "is_sale": false
    },
    "Viin SAAREMAA 40% 500ml": {
      "category": "Barbora:Viinad",
      "entries": [
        {
          "t": "2026-01-19T23:06:30.489722",
          "p": 12.45
        },
        {
          "t": "2026-01-27T21:50:41.846263",
          "p": 12.99
        }
      ],
      "latest_price": 12.99,
      "price_per_unit": 25.98,
      "unit_label": "L",
      "url": "https://barbora.ee/toode/viin-saaremaa-40-proc-500-ml",
      "img": "https://cdn.barbora.ee/products/daa30dc3-dd6b-4a89-aaf9-a7766647ffa3_m.png",
      "store": "Barbora",
      "is_sale": false
    },
    "Viin SAAREMAA 40% 700ml": {
      "category": "Barbora:Viinad",
      "entries": [
        {
          "t": "2026-01-19T23:06:30.489722",
          "p": 12.99
        }
      ],
      "latest_price": 12.99,
      "price_per_unit": 18.56,
      "unit_label": "L",
      "url": "https://barbora.ee/toode/viin-saaremaa-40-proc-700-ml",
      "img": "https://cdn.barbora.ee/products/2ad0e9d4-b549-4d1e-adcd-b7f333402175_m.png",
      "store": "Barbora",
      "is_sale": false
    },
    "Viin NEMIROFF Original 40% 500ml": {
      "category": "Barbora:Viinad",
      "entries": [
        {
          "t": "2026-01-19T23:06:30.489722",
          "p": 8.49
        }
      ],
      "latest_price": 8.49,
      "price_per_unit": 16.98,
      "unit_label": "L",
      "url": "https://barbora.ee/toode/viin-nemiroff-original-40-proc-500-ml",
      "img": "https://cdn.barbora.ee/products/7690fb53-4b79-46dc-8207-af0387f24578_m.png",
      "store": "Barbora",
      "is_sale": false
    },
    "Viin SAAREMAA 40% 1L": {
      "category": "Barbora:Viinad",
      "entries": [
        {
          "t": "2026-01-19T23:06:30.489722",
          "p": 21.19
        },
        {
          "t": "2026-01-27T21:50:41.846263",
          "p": 22.95
        }
      ],
      "latest_price": 22.95,
      "price_per_unit": 22.95,
      "unit_label": "L",
      "url": "https://barbora.ee/toode/viin-saaremaa-40-proc-1-l",
      "img": "https://cdn.barbora.ee/products/168906bd-497c-467e-a82c-4c97721b28cb_m.png",
      "store": "Barbora",
      "is_sale": false
    },
    "Viin NEMIROFF Birch 40% 500ml": {
      "category": "Barbora:Viinad",
      "entries": [
        {
          "t": "2026-01-19T23:06:30.489722",
          "p": 11.49
        },
        {
          "t": "2026-01-27T21:50:41.846263",
          "p": 12.45
        }
      ],
      "latest_price": 12.45,
      "price_per_unit": 24.9,
      "unit_label": "L",
      "url": "https://barbora.ee/toode/viin-nemiroff-birch-40-proc-500-ml",
      "img": "https://cdn.barbora.ee/products/e6ea85e6-e6e1-4024-932e-cb5d02749ff6_m.png",
      "store": "Barbora",
      "is_sale": false
    },
    "Viin STUMBRAS 40% 700ml": {
      "category": "Barbora:Viinad",
      "entries": [
        {
          "t": "2026-01-19T23:06:30.489722",
          "p": 18.35
        },
        {
          "t": "2026-01-27T21:50:41.846263",
          "p": 13.99
        }
      ],
      "latest_price": 13.99,
      "price_per_unit": 19.98,
      "unit_label": "L",
      "url": "https://barbora.ee/toode/viin-stumbras-40-proc-700-ml",
      "img": "https://cdn.barbora.ee/products/dc28da53-4a5b-4efe-92b0-6821f856763c_m.png",
      "store": "Barbora",
      "is_sale": false
    },
    "Viin STUMBRAS 40% 500ml": {
      "category": "Barbora:Viinad",
      "entries": [
        {
          "t": "2026-01-19T23:06:30.489722",
          "p": 9.49
        }
      ],
      "latest_price": 9.49,
      "price_per_unit": 18.98,
      "unit_label": "L",
      "url": "https://barbora.ee/toode/viin-stumbras-40-proc-500-ml",
      "img": "https://cdn.barbora.ee/products/b771bb8f-4606-4f1e-9bcf-31a2edab593d_m.png",
      "store": "Barbora",
      "is_sale": false
    },
    "Viin STUMBRAS 40% 350ml": {
      "category": "Barbora:Viinad",
      "entries": [
        {
          "t": "2026-01-19T23:06:30.489722",
          "p": 8.49
        },
        {
          "t": "2026-01-27T21:50:41.846263",
          "p": 6.79
        }
      ],
      "latest_price": 6.79,
      "price_per_unit": 19.4,
      "unit_label": "L",
      "url": "https://barbora.ee/toode/viin-stumbras-40-proc-350-ml",
      "img": "https://cdn.barbora.ee/products/050fb91e-f031-40d4-b2f4-7cb4290698f2_m.png",
      "store": "Barbora",
      "is_sale": false
    },
    "Viin LAUA 40% 200ml": {
      "category": "Barbora:Viinad",
      "entries": [
        {
          "t": "2026-01-19T23:06:30.489722",
          "p": 4.29
        }
      ],
      "latest_price": 4.29,
      "price_per_unit": 21.45,
      "unit_label": "L",
      "url": "https://barbora.ee/toode/viin-laua-40-proc-200-ml",
      "img": "https://cdn.barbora.ee/products/e36ad4f7-968f-4f78-9cdf-2744baa0b17a_m.png",
      "store": "Barbora",
      "is_sale": false
    },
    "Viin VIRU VALGE 40% 700ml": {
      "category": "Barbora:Viinad",
      "entries": [
        {
          "t": "2026-01-19T23:06:30.489722",
          "p": 15.25
        },
        {
          "t": "2026-01-27T21:50:41.846263",
          "p": 16.39
        }
      ],
      "latest_price": 16.39,
      "price_per_unit": 23.41,
      "unit_label": "L",
      "url": "https://barbora.ee/toode/viin-viru-valge-40-proc-700-ml",
      "img": "https://cdn.barbora.ee/products/52a7f50c-0396-4e1c-93f2-45f5c12a3e47_m.png",
      "store": "Barbora",
      "is_sale": false
    },
    "Viin KUPECKA 40% 500ml": {
      "category": "Barbora:Viinad",
      "entries": [
        {
          "t": "2026-01-19T23:06:30.489722",
          "p": 7.99
        },
        {
          "t": "2026-01-27T21:50:41.846263",
          "p": 8.49
        }
      ],
      "latest_price": 8.49,
      "price_per_unit": 16.98,
      "unit_label": "L",
      "url": "https://barbora.ee/toode/viin-kupecka-40-proc-500-ml",
      "img": "https://cdn.barbora.ee/products/b3641bda-13c3-4456-a6dc-bea53949aa9b_m.png",
      "store": "Barbora",
      "is_sale": false
    },
    "Viin BERJOZOVAJA ROŠTŠA 40% 700ml": {
      "category": "Barbora:Viinad",
      "entries": [
        {
          "t": "2026-01-19T23:06:30.489722",
          "p": 15.95
        }
      ],
      "latest_price": 15.95,
      "price_per_unit": 22.79,
      "unit_label": "L",
      "url": "https://barbora.ee/toode/viin-berjozovaja-rostsa-40-proc-700-ml",
      "img": "https://cdn.barbora.ee/products/9187b23f-68dd-41a9-8e18-36faec3d3b73_m.png",
      "store": "Barbora",
      "is_sale": false
    },
    "Viin BERJOZOVAJA ROŠTŠA 40% 500ml": {
      "category": "Barbora:Viinad",
      "entries": [
        {
          "t": "2026-01-19T23:06:30.489722",
          "p": 7.99
        },
        {
          "t": "2026-01-27T21:50:41.846263",
          "p": 10.59
        }
      ],
      "latest_price": 10.59,
      "price_per_unit": 21.18,
      "unit_label": "L",
      "url": "https://barbora.ee/toode/viin-berjozovaja-rostsa-40-proc-500-ml",
      "img": "https://cdn.barbora.ee/products/713fdbc5-7f85-4760-aadc-e469d796cc5c_m.png",
      "store": "Barbora",
      "is_sale": false
    },
    "Viin DANZKA 40% 500ml": {
      "category": "Maxima Viinad",
      "entries": [
        {
          "t": "2026-01-19T23:06:30.489722",
          "p": 12.49
        }
      ],
      "latest_price": 12.49,
      "price_per_unit": 24.98,
      "unit_label": "L",
      "url": "https://barbora.ee/toode/viin-danzka-40-proc-500-ml",
      "img": "https://cdn.barbora.ee/products/7b388178-99e5-469c-b38e-7e7239d26b8c_m.png",
      "store": "Barbora"
    },
    "Viin HLIBNY DAR Classic 40% 500ml": {
      "category": "Barbora:Viinad",
      "entries": [
        {
          "t": "2026-01-19T23:06:30.489722",
          "p": 13.49
        }
      ],
      "latest_price": 13.49,
      "price_per_unit": 26.98,
      "unit_label": "L",
      "url": "https://barbora.ee/toode/viin-hlibny-dar-classic-40-proc-500-ml",
      "img": "https://cdn.barbora.ee/products/b575a6b7-8f38-4fcc-8a0f-e4f9d6418c80_m.png",
      "store": "Barbora",
      "is_sale": false
    },
    "Viin HLIBNY DAR Wheat 40% 500ml": {
      "category": "Barbora:Viinad",
      "entries": [
        {
          "t": "2026-01-19T23:06:30.489722",
          "p": 13.49
        }
      ],
      "latest_price": 13.49,
      "price_per_unit": 26.98,
      "unit_label": "L",
      "url": "https://barbora.ee/toode/viin-hlibny-dar-wheat-40-proc-500-ml",
      "img": "https://cdn.barbora.ee/products/19680010-f74d-40c3-9d4c-1b62fc4c0198_m.png",
      "store": "Barbora",
      "is_sale": false
    },
    "Viin HLIBNY DAR Winter Wheat 40% 500ml": {
      "category": "Barbora:Viinad",
      "entries": [
        {
          "t": "2026-01-19T23:06:30.489722",
          "p": 13.49
        }
      ],
      "latest_price": 13.49,
      "price_per_unit": 26.98,
      "unit_label": "L",
      "url": "https://barbora.ee/toode/viin-hlibny-dar-winter-wheat-40-proc-500-ml",
      "img": "https://cdn.barbora.ee/products/ff283d07-547d-40ab-a551-95c6e3462756_m.png",
      "store": "Barbora",
      "is_sale": false
    },
    "Viin HLIBNY DAR Classic 40% 700ml": {
      "category": "Barbora:Viinad",
      "entries": [
        {
          "t": "2026-01-19T23:06:30.489722",
          "p": 15.99
        },
        {
          "t": "2026-01-27T21:50:41.846263",
          "p": 11.99
        }
      ],
      "latest_price": 11.99,
      "price_per_unit": 17.13,
      "unit_label": "L",
      "url": "https://barbora.ee/toode/viin-hlibny-dar-classic-40-proc-700-ml",
      "img": "https://cdn.barbora.ee/products/44060a67-a811-4f30-8e42-c77ddba7e9d8_m.png",
      "store": "Barbora",
      "is_sale": false
    },
    "Viin HLIBNY DAR Wheat 40% 700ml": {
      "category": "Barbora:Viinad",
      "entries": [
        {
          "t": "2026-01-19T23:06:30.489722",
          "p": 15.99
        },
        {
          "t": "2026-01-27T21:50:41.846263",
          "p": 11.99
        }
      ],
      "latest_price": 11.99,
      "price_per_unit": 17.13,
      "unit_label": "L",
      "url": "https://barbora.ee/toode/viin-hlibny-dar-wheat-40-proc-700-ml",
      "img": "https://cdn.barbora.ee/products/6271b073-00ef-4be7-a0cd-0e2ce1fdc139_m.png",
      "store": "Barbora",
      "is_sale": false
    },
    "Viin HLIBNY DAR Classic 40% 200ml": {
      "category": "Barbora:Viinad",
      "entries": [
        {
          "t": "2026-01-19T23:06:30.489722",
          "p": 6.35
        }
      ],
      "latest_price": 6.35,
      "price_per_unit": 31.75,
      "unit_label": "L",
      "url": "https://barbora.ee/toode/viin-hlibny-dar-classic-40-proc-200-ml",
      "img": "https://cdn.barbora.ee/products/ae0c50c6-900c-4b44-aef0-088f23c00aa9_m.png",
      "store": "Barbora",
      "is_sale": false
    },
    "Viin HLIBNY DAR Wheat 40% 200ml": {
      "category": "Barbora:Viinad",
      "entries": [
        {
          "t": "2026-01-19T23:06:30.489722",
          "p": 4.99
        }
      ],
      "latest_price": 4.99,
      "price_per_unit": 24.95,
      "unit_label": "L",
      "url": "https://barbora.ee/toode/viin-hlibny-dar-wheat-40-proc-200-ml",
      "img": "https://cdn.barbora.ee/products/88c3666a-f9cf-4f9f-8469-aace0d31a783_m.png",
      "store": "Barbora",
      "is_sale": false
    },
    "Viin GREY GOOSE 40% 0.7L": {
      "category": "Barbora:Viinad",
      "entries": [
        {
          "t": "2026-01-19T23:06:30.489722",
          "p": 39.99
        }
      ],
      "latest_price": 39.99,
      "price_per_unit": 57.13,
      "unit_label": "L",
      "url": "https://barbora.ee/toode/viin-grey-goose-40-proc-0-7-l",
      "img": "https://cdn.barbora.ee/products/7b9891e8-7913-4a42-8e6d-293662711901_m.png",
      "store": "Barbora",
      "is_sale": false
    },
    "Viin STUMBRAS 40% 200ml": {
      "category": "Barbora:Viinad",
      "entries": [
        {
          "t": "2026-01-19T23:06:30.489722",
          "p": 5.85
        },
        {
          "t": "2026-01-27T21:50:41.846263",
          "p": 6.45
        }
      ],
      "latest_price": 6.45,
      "price_per_unit": 32.25,
      "unit_label": "L",
      "url": "https://barbora.ee/toode/viin-stumbras-40-proc-200-ml",
      "img": "https://cdn.barbora.ee/products/5f0662a7-215b-4a72-8efa-f7f834a9a298_m.png",
      "store": "Barbora",
      "is_sale": false
    },
    "Viin BERLAT PŠENICHNAJA 40% 500ml": {
      "category": "Maxima Viinad",
      "entries": [
        {
          "t": "2026-01-19T23:06:30.489722",
          "p": 11.49
        }
      ],
      "latest_price": 11.49,
      "price_per_unit": 22.98,
      "unit_label": "L",
      "url": "https://barbora.ee/toode/viin-berlat-psenichnaja-40-proc-500-ml",
      "img": "https://cdn.barbora.ee/products/368f3691-e452-4d8d-95ca-6cff4c7ef50f_m.png",
      "store": "Barbora"
    },
    "Viin TALU 40% 10cl, tops": {
      "category": "Barbora:Viinad",
      "entries": [
        {
          "t": "2026-01-19T23:06:30.489722",
          "p": 2.85
        },
        {
          "t": "2026-01-27T21:50:41.846263",
          "p": 3.05
        }
      ],
      "latest_price": 3.05,
      "price_per_unit": 30.5,
      "unit_label": "L",
      "url": "https://barbora.ee/toode/viin-talu-40-proc-10-cl-tops",
      "img": "https://cdn.barbora.ee/products/696d1862-a244-4f28-97ff-520ffa3fc3f4_m.png",
      "store": "Barbora",
      "is_sale": false
    },
    "Viin KOSKENKORVA 40% 700ml": {
      "category": "Barbora:Viinad",
      "entries": [
        {
          "t": "2026-01-19T23:06:30.489722",
          "p": 19.79
        },
        {
          "t": "2026-01-27T21:50:41.846263",
          "p": 20.95
        }
      ],
      "latest_price": 20.95,
      "price_per_unit": 29.93,
      "unit_label": "L",
      "url": "https://barbora.ee/toode/viin-koskenkorva-40-proc-700-ml",
      "img": "https://cdn.barbora.ee/products/2f77442a-d79c-4feb-9e56-2ed1bafea069_m.png",
      "store": "Barbora",
      "is_sale": false
    },
    "Viin KOSKENKORVA 40% 1L": {
      "category": "Barbora:Viinad",
      "entries": [
        {
          "t": "2026-01-19T23:06:30.489722",
          "p": 26.99
        },
        {
          "t": "2026-01-27T21:50:41.846263",
          "p": 28.59
        }
      ],
      "latest_price": 28.59,
      "price_per_unit": 28.59,
      "unit_label": "L",
      "url": "https://barbora.ee/toode/viin-koskenkorva-40-proc-1-l",
      "img": "https://cdn.barbora.ee/products/ce68c141-c971-464f-944b-312e7c4f7d77_m.png",
      "store": "Barbora",
      "is_sale": false
    },
    "Viin NEMIROFF Delikat 40% 500ml": {
      "category": "Barbora:Viinad",
      "entries": [
        {
          "t": "2026-01-19T23:06:30.489722",
          "p": 11.69
        },
        {
          "t": "2026-01-27T21:50:41.846263",
          "p": 12.45
        }
      ],
      "latest_price": 12.45,
      "price_per_unit": 24.9,
      "unit_label": "L",
      "url": "https://barbora.ee/toode/viin-nemiroff-delikat-40-proc-500-ml",
      "img": "https://cdn.barbora.ee/products/dae2c8d6-8068-4e66-8859-a2910971a948_m.png",
      "store": "Barbora",
      "is_sale": false
    },
    "Viin STOLI 40% 500ml": {
      "category": "Barbora:Viinad",
      "entries": [
        {
          "t": "2026-01-19T23:06:30.489722",
          "p": 17.79
        },
        {
          "t": "2026-01-27T21:50:41.846263",
          "p": 18.69
        }
      ],
      "latest_price": 18.69,
      "price_per_unit": 37.38,
      "unit_label": "L",
      "url": "https://barbora.ee/toode/viin-stoli-40-proc-500-ml",
      "img": "https://cdn.barbora.ee/products/3bb852ed-1583-4e39-80ee-b04e67d66309_m.png",
      "store": "Barbora",
      "is_sale": false
    },
    "Viin STOLI 40% 1.0L": {
      "category": "Barbora:Viinad",
      "entries": [
        {
          "t": "2026-01-19T23:06:30.489722",
          "p": 31.69
        },
        {
          "t": "2026-01-27T21:50:41.846263",
          "p": 33.39
        }
      ],
      "latest_price": 33.39,
      "price_per_unit": 33.39,
      "unit_label": "L",
      "url": "https://barbora.ee/toode/viin-stoli-40-proc-1-0-l",
      "img": "https://cdn.barbora.ee/products/7a3f4862-7a7d-4bc6-8ac4-8f31a86ffabb_m.png",
      "store": "Barbora",
      "is_sale": false
    },
    "Viin SAAREMAA Rabarber 37.5% 500ml": {
      "category": "Barbora:Viinad",
      "entries": [
        {
          "t": "2026-01-19T23:06:30.489722",
          "p": 12.49
        },
        {
          "t": "2026-01-27T21:50:41.846263",
          "p": 13.29
        }
      ],
      "latest_price": 13.29,
      "price_per_unit": 26.58,
      "unit_label": "L",
      "url": "https://barbora.ee/toode/viin-saaremaa-rabarber-37-5-proc-500-ml",
      "img": "https://cdn.barbora.ee/products/d2fc16f4-5db1-433a-ae85-ceb47cfd8b8c_m.png",
      "store": "Barbora",
      "is_sale": false
    },
    "Viin HLIBNY DAR Grain Sprouts 40% 500ml": {
      "category": "Barbora:Viinad",
      "entries": [
        {
          "t": "2026-01-19T23:06:30.489722",
          "p": 13.49
        }
      ],
      "latest_price": 13.49,
      "price_per_unit": 26.98,
      "unit_label": "L",
      "url": "https://barbora.ee/toode/viin-hlibny-dar-grain-sprouts-40-proc-500-ml",
      "img": "https://cdn.barbora.ee/products/89b0e76e-6f6f-4bfc-8a33-905497af7f18_m.png",
      "store": "Barbora",
      "is_sale": false
    },
    "Bitter PIPARU 35% 500ml": {
      "category": "Barbora:Viinad",
      "entries": [
        {
          "t": "2026-01-19T23:06:30.489722",
          "p": 6.99
        },
        {
          "t": "2026-01-27T21:50:41.846263",
          "p": 7.49
        }
      ],
      "latest_price": 7.49,
      "price_per_unit": 14.98,
      "unit_label": "L",
      "url": "https://barbora.ee/toode/bitter-piparu-35-proc-500-ml",
      "img": "https://cdn.barbora.ee/products/4ed61f28-ca84-4bd1-8ec7-640a0ce81dee_m.png",
      "store": "Barbora",
      "is_sale": false
    },
    "Pasta Chiffari Lisci Nr.183, PRESTO, 400 g": {
      "category": "Selver:Pasta",
      "entries": [
        {
          "t": "2026-01-19T23:06:30.489722",
          "p": 0.59
        }
      ],
      "latest_price": 0.59,
      "price_per_unit": 1.47,
      "unit_label": "kg",
      "url": "https://www.selver.ee/pasta-chiffari-lisci-nr-183-presto-400-g",
      "img": "https://www.selver.ee/img/450/440/resize/4/7/4750020052423.jpg",
      "store": "Selver",
      "is_sale": false
    },
    "Pasta Penne, PRESTO, 400 g": {
      "category": "Selver:Pasta",
      "entries": [
        {
          "t": "2026-01-19T23:06:30.489722",
          "p": 0.59
        }
      ],
      "latest_price": 0.59,
      "price_per_unit": 1.47,
      "unit_label": "kg",
      "url": "https://www.selver.ee/pasta-penne-presto-400-g",
      "img": "https://www.selver.ee/img/450/440/resize/4/7/4750020050375.jpg",
      "store": "Selver",
      "is_sale": false
    },
    "Pasta Fusilli, PRESTO, 400 g": {
      "category": "Selver:Pasta",
      "entries": [
        {
          "t": "2026-01-19T23:06:30.489722",
          "p": 0.79
        }
      ],
      "latest_price": 0.79,
      "price_per_unit": 1.98,
      "unit_label": "kg",
      "url": "https://www.selver.ee/pasta-fusilli-presto-400-g",
      "img": "https://www.selver.ee/img/450/440/resize/4/7/4750020050344.jpg",
      "store": "Selver"
    },
    "Pasta Cornetti, PRESTO, 400 g": {
      "category": "Selver:Pasta",
      "entries": [
        {
          "t": "2026-01-19T23:06:30.489722",
          "p": 0.79
        }
      ],
      "latest_price": 0.79,
      "price_per_unit": 1.98,
      "unit_label": "kg",
      "url": "https://www.selver.ee/pasta-cornetti-presto-400-g",
      "img": "https://www.selver.ee/img/450/440/resize/4/7/4750020050351.jpg",
      "store": "Selver",
      "is_sale": false
    },
    "Durumnisujahupasta Fusilli, TARTU MILL, 500 g": {
      "category": "Selver:Pasta",
      "entries": [
        {
          "t": "2026-01-19T23:06:30.489722",
          "p": 1.37
        }
      ],
      "latest_price": 1.37,
      "price_per_unit": 2.74,
      "unit_label": "kg",
      "url": "https://www.selver.ee/durumnisujahupasta-fusilli-tartu-mill-500-g",
      "img": "https://www.selver.ee/img/450/440/resize/4/7/4750020050559.jpg",
      "store": "Selver"
    },
    "Spagetid nr.7, PRESTO, 400 g": {
      "category": "Selver:Pasta",
      "entries": [
        {
          "t": "2026-01-19T23:06:30.489722",
          "p": 0.79
        }
      ],
      "latest_price": 0.79,
      "price_per_unit": 1.98,
      "unit_label": "kg",
      "url": "https://www.selver.ee/spagetid-nr-7-presto-400-g",
      "img": "https://www.selver.ee/img/450/440/resize/4/7/4750020050382.jpg",
      "store": "Selver"
    },
    "Pasta durum Chiffari Lisci, TARTU MILL, 500 g": {
      "category": "Selver:Pasta",
      "entries": [
        {
          "t": "2026-01-19T23:06:30.489722",
          "p": 1.37
        }
      ],
      "latest_price": 1.37,
      "price_per_unit": 2.74,
      "unit_label": "kg",
      "url": "https://www.selver.ee/pasta-durum-chiffari-lisci-tartu-mill-500-g",
      "img": "https://www.selver.ee/img/450/440/resize/4/7/4750020051631.jpg",
      "store": "Selver"
    },
    "Spiraal Fusilli international, PANZANI, 500 g": {
      "category": "Selver:Pasta",
      "entries": [
        {
          "t": "2026-01-19T23:06:30.489722",
          "p": 2.29
        }
      ],
      "latest_price": 2.29,
      "price_per_unit": 4.58,
      "unit_label": "kg",
      "url": "https://www.selver.ee/spiraal-fusilli-international-panzani-500-g",
      "img": "https://www.selver.ee/img/450/440/resize/3/0/3038351563605.jpg",
      "store": "Selver",
      "is_sale": false
    },
    "Spagetid Spaghetti, PANZANI, 500 g": {
      "category": "Selver:Pasta",
      "entries": [
        {
          "t": "2026-01-19T23:06:30.489722",
          "p": 1.75
        }
      ],
      "latest_price": 1.75,
      "price_per_unit": 3.5,
      "unit_label": "kg",
      "url": "https://www.selver.ee/spagetid-spaghetti-panzani-500-g",
      "img": "https://www.selver.ee/img/450/440/resize/3/0/3038351165007.jpg",
      "store": "Selver",
      "is_sale": false
    },
    "Sarveke Chifferini, PANZANI, 500 g": {
      "category": "Selver:Pasta",
      "entries": [
        {
          "t": "2026-01-19T23:06:30.489722",
          "p": 2.29
        }
      ],
      "latest_price": 2.29,
      "price_per_unit": 4.58,
      "unit_label": "kg",
      "url": "https://www.selver.ee/sarveke-chifferini-panzani-500-g",
      "img": "https://www.selver.ee/img/450/440/resize/3/0/3038351484009.jpg",
      "store": "Selver",
      "is_sale": false
    },
    "Durumnisujahust spagetid nr.7, TARTU MILL, 500 g": {
      "category": "Selver:Pasta",
      "entries": [
        {
          "t": "2026-01-19T23:06:30.489722",
          "p": 1.15
        }
      ],
      "latest_price": 1.15,
      "price_per_unit": 2.3,
      "unit_label": "kg",
      "url": "https://www.selver.ee/durumnisujahust-spagetid-nr-7-tartu-mill-500-g",
      "img": "https://www.selver.ee/img/450/440/resize/4/7/4750020050818.jpg",
      "store": "Selver",
      "is_sale": false
    },
    "Durumnisujahupasta Penne, TARTU MILL, 500 g": {
      "category": "Selver:Pasta",
      "entries": [
        {
          "t": "2026-01-19T23:06:30.489722",
          "p": 1.35
        }
      ],
      "latest_price": 1.35,
      "price_per_unit": 2.7,
      "unit_label": "kg",
      "url": "https://www.selver.ee/durumnisujahupasta-penne-tartu-mill-500-g",
      "img": "https://www.selver.ee/img/450/440/resize/4/7/4750020050566.jpg",
      "store": "Selver",
      "is_sale": false
    },
    "Spagetid (nr.5), BARILLA, 500 g": {
      "category": "Selver:Pasta",
      "entries": [
        {
          "t": "2026-01-19T23:06:30.489722",
          "p": 1.45
        }
      ],
      "latest_price": 1.45,
      "price_per_unit": 2.9,
      "unit_label": "kg",
      "url": "https://www.selver.ee/spagetid-nr-5-barilla-500-g",
      "img": "data:image/gif;base64,R0lGODlhAQABAIAAAAAAAP///yH5BAEAAAAALAAAAAABAAEAAAIBRAA7",
      "store": "Selver",
      "is_sale": false
    },
    "Specialita Penne Rigate, PANZANI, 500 g": {
      "category": "Selver:Pasta",
      "entries": [
        {
          "t": "2026-01-19T23:06:30.489722",
          "p": 2.29
        }
      ],
      "latest_price": 2.29,
      "price_per_unit": 4.58,
      "unit_label": "kg",
      "url": "https://www.selver.ee/specialita-penne-rigate-panzani-500-g",
      "img": "data:image/gif;base64,R0lGODlhAQABAIAAAAAAAP///yH5BAEAAAAALAAAAAABAAEAAAIBRAA7",
      "store": "Selver",
      "is_sale": false
    },
    "Durumnisujahupasta Cornetti, TARTU MILL, 500 g": {
      "category": "Selver:Pasta",
      "entries": [
        {
          "t": "2026-01-19T23:06:30.489722",
          "p": 1.37
        }
      ],
      "latest_price": 1.37,
      "price_per_unit": 2.74,
      "unit_label": "kg",
      "url": "https://www.selver.ee/durumnisujahupasta-cornetti-tartu-mill-500-g",
      "img": "data:image/gif;base64,R0lGODlhAQABAIAAAAAAAP///yH5BAEAAAAALAAAAAABAAEAAAIBRAA7",
      "store": "Selver",
      "is_sale": false
    },
    "Mini Penne torud, PANZANI, 500 g": {
      "category": "Selver:Pasta",
      "entries": [
        {
          "t": "2026-01-19T23:06:30.489722",
          "p": 2.43
        }
      ],
      "latest_price": 2.43,
      "price_per_unit": 4.86,
      "unit_label": "kg",
      "url": "https://www.selver.ee/mini-penne-torud-panzani-500-g",
      "img": "data:image/gif;base64,R0lGODlhAQABAIAAAAAAAP///yH5BAEAAAAALAAAAAABAAEAAAIBRAA7",
      "store": "Selver",
      "is_sale": false
    },
    "Pasta durum Linquine, TARTU MILL, 500 g": {
      "category": "Selver:Pasta",
      "entries": [
        {
          "t": "2026-01-19T23:06:30.489722",
          "p": 1.37
        }
      ],
      "latest_price": 1.37,
      "price_per_unit": 2.74,
      "unit_label": "kg",
      "url": "https://www.selver.ee/pasta-durum-linquine-tartu-mill-500-g",
      "img": "https://www.selver.ee/img/450/440/resize/4/7/4750020051914.jpg",
      "store": "Selver"
    },
    "Merekarbid, PRESTO, 400 g": {
      "category": "Selver:Pasta",
      "entries": [
        {
          "t": "2026-01-19T23:06:30.489722",
          "p": 0.76
        }
      ],
      "latest_price": 0.76,
      "price_per_unit": 1.9,
      "unit_label": "kg",
      "url": "https://www.selver.ee/merekarbid-presto-400-g",
      "img": "https://www.selver.ee/img/450/440/resize/4/7/4750020050399.jpg",
      "store": "Selver"
    },
    "Pasta durum Ditali Lisci, TARTU MILL, 500 g": {
      "category": "Selver:Pasta",
      "entries": [
        {
          "t": "2026-01-19T23:06:30.489722",
          "p": 1.37
        }
      ],
      "latest_price": 1.37,
      "price_per_unit": 2.74,
      "unit_label": "kg",
      "url": "https://www.selver.ee/pasta-durum-ditali-lisci-tartu-mill-500-g",
      "img": "https://www.selver.ee/img/450/440/resize/4/7/4743303115007.jpg",
      "store": "Selver",
      "is_sale": false
    },
    "Fusilli, PANZANI, 1 kg": {
      "category": "Selver:Pasta",
      "entries": [
        {
          "t": "2026-01-19T23:06:30.489722",
          "p": 4.29
        }
      ],
      "latest_price": 4.29,
      "price_per_unit": 4.29,
      "unit_label": "kg",
      "url": "https://www.selver.ee/fusilli-panzani-1-kg",
      "img": "https://www.selver.ee/img/450/440/resize/3/0/3038359002137.jpg",
      "store": "Selver",
      "is_sale": false
    },
    "Macaroni, PANZANI, 500 g": {
      "category": "Selver:Pasta",
      "entries": [
        {
          "t": "2026-01-19T23:06:30.489722",
          "p": 2.29
        }
      ],
      "latest_price": 2.29,
      "price_per_unit": 4.58,
      "unit_label": "kg",
      "url": "https://www.selver.ee/macaroni-panzani-500-g",
      "img": "https://www.selver.ee/img/450/440/resize/3/0/3038350013101.jpg",
      "store": "Selver",
      "is_sale": false
    },
    "Penne Rigate torukesed, BARILLA, 500 g": {
      "category": "Selver:Pasta",
      "entries": [
        {
          "t": "2026-01-19T23:06:30.489722",
          "p": 1.69
        }
      ],
      "latest_price": 1.69,
      "price_per_unit": 3.38,
      "unit_label": "kg",
      "url": "https://www.selver.ee/penne-rigate-torukesed-barilla-500-g",
      "img": "https://www.selver.ee/img/450/440/resize/8/0/8076802085738.jpg",
      "store": "Selver",
      "is_sale": false
    },
    "Conchiglie Rigate teokarbid, PANZANI, 500 g": {
      "category": "Selver:Pasta",
      "entries": [
        {
          "t": "2026-01-19T23:06:30.489722",
          "p": 2.29
        }
      ],
      "latest_price": 2.29,
      "price_per_unit": 4.58,
      "unit_label": "kg",
      "url": "https://www.selver.ee/conchiglie-rigate-teokarbid-panzani-500-g",
      "img": "https://www.selver.ee/img/450/440/resize/3/0/3038351484108.jpg",
      "store": "Selver",
      "is_sale": false
    },
    "Lasanje plaadid, BARILLA, 500 g": {
      "category": "Selver:Pasta",
      "entries": [
        {
          "t": "2026-01-19T23:06:30.489722",
          "p": 4.59
        }
      ],
      "latest_price": 4.59,
      "price_per_unit": 9.18,
      "unit_label": "kg",
      "url": "https://www.selver.ee/lasanje-plaadid-barilla-500-g",
      "img": "https://www.selver.ee/img/450/440/resize/8/0/8076809523738.jpg",
      "store": "Selver"
    },
    "Pasta Fusilli (spiraal), BARILLA, 500 g": {
      "category": "Selver:Pasta",
      "entries": [
        {
          "t": "2026-01-19T23:06:30.489722",
          "p": 1.69
        }
      ],
      "latest_price": 1.69,
      "price_per_unit": 3.38,
      "unit_label": "kg",
      "url": "https://www.selver.ee/pasta-fusilli-spiraal-barilla-500-g",
      "img": "https://www.selver.ee/img/450/440/resize/8/0/8076802085981.jpg",
      "store": "Selver",
      "is_sale": false
    },
    "Specialita Farfalle, PANZANI, 500 g": {
      "category": "Selver:Pasta",
      "entries": [
        {
          "t": "2026-01-19T23:06:30.489722",
          "p": 1.75
        }
      ],
      "latest_price": 1.75,
      "price_per_unit": 3.5,
      "unit_label": "kg",
      "url": "https://www.selver.ee/specialita-farfalle-panzani-500-g",
      "img": "https://www.selver.ee/img/450/440/resize/3/0/3038351489806.jpg",
      "store": "Selver",
      "is_sale": false
    },
    "Durum pasta Filini piccoli, TARTU MILL, 500 g": {
      "category": "Selver:Pasta",
      "entries": [
        {
          "t": "2026-01-19T23:06:30.489722",
          "p": 1.37
        }
      ],
      "latest_price": 1.37,
      "price_per_unit": 2.74,
      "unit_label": "kg",
      "url": "https://www.selver.ee/durum-pasta-filini-piccoli-tartu-mill-500-g",
      "img": "https://www.selver.ee/img/450/440/resize/4/7/4750020050580.jpg",
      "store": "Selver",
      "is_sale": false
    },
    "Lintspagett Linguine, PANZANI, 500 g": {
      "category": "Selver:Pasta",
      "entries": [
        {
          "t": "2026-01-19T23:06:30.489722",
          "p": 2.29
        }
      ],
      "latest_price": 2.29,
      "price_per_unit": 4.58,
      "unit_label": "kg",
      "url": "https://www.selver.ee/lintspagett-linguine-panzani-500-g",
      "img": "https://www.selver.ee/img/450/440/resize/3/0/3038351128606.jpg",
      "store": "Selver",
      "is_sale": false
    },
    "Täistera fusilli, TARTU MILL, 500 g": {
      "category": "Selver:Pasta",
      "entries": [
        {
          "t": "2026-01-19T23:06:30.489722",
          "p": 1.47
        }
      ],
      "latest_price": 1.47,
      "price_per_unit": 2.94,
      "unit_label": "kg",
      "url": "https://www.selver.ee/taistera-fusilli-tartu-mill-500-g",
      "img": "https://www.selver.ee/img/450/440/resize/4/7/4750020051525.jpg",
      "store": "Selver",
      "is_sale": false
    },
    "Durumnisujahupasta Puntine Grand, TARTU MILL, 500 g": {
      "category": "Selver:Pasta",
      "entries": [
        {
          "t": "2026-01-19T23:06:30.489722",
          "p": 1.37
        }
      ],
      "latest_price": 1.37,
      "price_per_unit": 2.74,
      "unit_label": "kg",
      "url": "https://www.selver.ee/durumnisujahupasta-puntine-grand-tartu-mill-500-g",
      "img": "https://www.selver.ee/img/450/440/resize/4/7/4750020050597.jpg",
      "store": "Selver",
      "is_sale": false
    },
    "Pasta Fusilli, REGGIA, 500 g": {
      "category": "Selver:Pasta",
      "entries": [
        {
          "t": "2026-01-19T23:06:30.489722",
          "p": 1.87
        }
      ],
      "latest_price": 1.87,
      "price_per_unit": 3.74,
      "unit_label": "kg",
      "url": "https://www.selver.ee/pasta-fusilli-reggia-500-g",
      "img": "https://www.selver.ee/img/450/440/resize/8/0/8008857300481.jpg",
      "store": "Selver",
      "is_sale": false
    },
    "Lasanje, CAMPAGNA, 500 g": {
      "category": "Selver:Pasta",
      "entries": [
        {
          "t": "2026-01-19T23:06:30.489722",
          "p": 2.39
        }
      ],
      "latest_price": 2.39,
      "price_per_unit": 4.78,
      "unit_label": "kg",
      "url": "https://www.selver.ee/lasanje-campagna-500-g",
      "img": "https://www.selver.ee/img/450/440/resize/8/0/8005391190431.jpg",
      "store": "Selver",
      "is_sale": false
    },
    "Pasta Spaghetti, REGGIA, 500 g": {
      "category": "Selver:Pasta",
      "entries": [
        {
          "t": "2026-01-19T23:06:30.489722",
          "p": 1.87
        }
      ],
      "latest_price": 1.87,
      "price_per_unit": 3.74,
      "unit_label": "kg",
      "url": "https://www.selver.ee/pasta-spaghetti-reggia-500-g",
      "img": "https://www.selver.ee/img/450/440/resize/8/0/8008857200194.jpg",
      "store": "Selver",
      "is_sale": false
    },
    "Pasta Spaghetti Taglaiti, REGGIA, 500 g": {
      "category": "Selver:Pasta",
      "entries": [
        {
          "t": "2026-01-19T23:06:30.489722",
          "p": 1.87
        }
      ],
      "latest_price": 1.87,
      "price_per_unit": 3.74,
      "unit_label": "kg",
      "url": "https://www.selver.ee/pasta-spaghetti-taglaiti-reggia-500-g",
      "img": "https://www.selver.ee/img/450/440/resize/8/0/8008857300771.jpg",
      "store": "Selver",
      "is_sale": false
    },
    "Makaronid Coquillette gluteenivabad, PANZANI, 400 g": {
      "category": "Selver:Pasta",
      "entries": [
        {
          "t": "2026-01-19T23:06:30.489722",
          "p": 3.3
        }
      ],
      "latest_price": 3.3,
      "price_per_unit": 8.25,
      "unit_label": "kg",
      "url": "https://www.selver.ee/makaronid-coquillette-gluteenivabad-panzani-400-g",
      "img": "https://www.selver.ee/img/450/440/resize/3/0/3038359004520.jpg",
      "store": "Selver",
      "is_sale": false
    },
    "Pasta Elbows, REGGIA, 500 g": {
      "category": "Selver:Pasta",
      "entries": [
        {
          "t": "2026-01-19T23:06:30.489722",
          "p": 1.87
        }
      ],
      "latest_price": 1.87,
      "price_per_unit": 3.74,
      "unit_label": "kg",
      "url": "https://www.selver.ee/pasta-elbows-reggia-500-g",
      "img": "https://www.selver.ee/img/450/440/resize/8/0/8008857300580.jpg",
      "store": "Selver",
      "is_sale": false
    },
    "Spagett Spaghetti, PANZANI, 1 kg": {
      "category": "Selver:Pasta",
      "entries": [
        {
          "t": "2026-01-19T23:06:30.489722",
          "p": 4.29
        }
      ],
      "latest_price": 4.29,
      "price_per_unit": 4.29,
      "unit_label": "kg",
      "url": "https://www.selver.ee/spagett-spaghetti-panzani-1-kg",
      "img": "https://www.selver.ee/img/450/440/resize/3/0/3038359002120.jpg",
      "store": "Selver",
      "is_sale": false
    },
    "Laastmakaron Nouilles Fines, PANZANI, 500 g": {
      "category": "Selver:Pasta",
      "entries": [
        {
          "t": "2026-01-19T23:06:30.489722",
          "p": 2.29
        }
      ],
      "latest_price": 2.29,
      "price_per_unit": 4.58,
      "unit_label": "kg",
      "url": "https://www.selver.ee/laastmakaron-nouilles-fines-panzani-500-g",
      "img": "https://www.selver.ee/img/450/440/resize/3/0/3038350013200.jpg",
      "store": "Selver",
      "is_sale": false
    },
    "Makaron Stortini Piccolo, REGGIA, 500 g": {
      "category": "Selver:Pasta",
      "entries": [
        {
          "t": "2026-01-19T23:06:30.489722",
          "p": 1.87
        }
      ],
      "latest_price": 1.87,
      "price_per_unit": 3.74,
      "unit_label": "kg",
      "url": "https://www.selver.ee/makaron-stortini-piccolo-reggia-500-g",
      "img": "https://www.selver.ee/img/450/440/resize/8/0/8008857300030.jpg",
      "store": "Selver",
      "is_sale": false
    },
    "Pasta Fusilli, CAMPAGNA, 500 g": {
      "category": "Selver:Pasta",
      "entries": [
        {
          "t": "2026-01-19T23:06:30.489722",
          "p": 1.67
        }
      ],
      "latest_price": 1.67,
      "price_per_unit": 3.34,
      "unit_label": "kg",
      "url": "https://www.selver.ee/pasta-fusilli-campagna-500-g",
      "img": "data:image/gif;base64,R0lGODlhAQABAIAAAAAAAP///yH5BAEAAAAALAAAAAABAAEAAAIBRAA7",
      "store": "Selver",
      "is_sale": false
    },
    "Kolmevärviline spiraal Fusilli, PANZANI, 500 g": {
      "category": "Selver:Pasta",
      "entries": [
        {
          "t": "2026-01-19T23:06:30.489722",
          "p": 2.69
        }
      ],
      "latest_price": 2.69,
      "price_per_unit": 5.38,
      "unit_label": "kg",
      "url": "https://www.selver.ee/kolmevarviline-spiraal-fusilli-panzani-500-g",
      "img": "data:image/gif;base64,R0lGODlhAQABAIAAAAAAAP///yH5BAEAAAAALAAAAAABAAEAAAIBRAA7",
      "store": "Selver",
      "is_sale": false
    },
    "Makaron Ditalini, REGGIA, 500 g": {
      "category": "Selver:Pasta",
      "entries": [
        {
          "t": "2026-01-19T23:06:30.489722",
          "p": 1.87
        }
      ],
      "latest_price": 1.87,
      "price_per_unit": 3.74,
      "unit_label": "kg",
      "url": "https://www.selver.ee/makaron-ditalini-reggia-500-g",
      "img": "data:image/gif;base64,R0lGODlhAQABAIAAAAAAAP///yH5BAEAAAAALAAAAAABAAEAAAIBRAA7",
      "store": "Selver",
      "is_sale": false
    },
    "Makaronid Penne gluteenivabad, PANZANI, 400 g": {
      "category": "Selver:Pasta",
      "entries": [
        {
          "t": "2026-01-19T23:06:30.489722",
          "p": 3.3
        }
      ],
      "latest_price": 3.3,
      "price_per_unit": 8.25,
      "unit_label": "kg",
      "url": "https://www.selver.ee/makaronid-penne-gluteenivabad-panzani-400-g",
      "img": "data:image/gif;base64,R0lGODlhAQABAIAAAAAAAP///yH5BAEAAAAALAAAAAABAAEAAAIBRAA7",
      "store": "Selver",
      "is_sale": false
    },
    "Lintnuudlipesad, REGGIA, 500 g": {
      "category": "Selver:Pasta",
      "entries": [
        {
          "t": "2026-01-19T23:06:30.489722",
          "p": 2.07
        },
        {
          "t": "2026-01-27T10:31:51.707194",
          "p": 2.59
        }
      ],
      "latest_price": 2.59,
      "price_per_unit": 5.18,
      "unit_label": "kg",
      "url": "https://www.selver.ee/lintnuudlipesad-reggia-500-g",
      "img": "https://www.selver.ee/img/450/440/resize/8/0/8008857406145.jpg",
      "store": "Selver",
      "is_sale": false
    },
    "Makaronid Elbows, BALTIX, 400 g": {
      "category": "Selver:Pasta",
      "entries": [
        {
          "t": "2026-01-19T23:06:30.489722",
          "p": 0.28
        }
      ],
      "latest_price": 0.28,
      "price_per_unit": 0.7,
      "unit_label": "kg",
      "url": "https://www.selver.ee/makaronid-elbows-baltix-400-g",
      "img": "https://www.selver.ee/img/450/440/resize/4/7/4742298001234.jpg",
      "store": "Selver",
      "is_sale": false
    },
    "Penne Rigate, PANZANI, 1 kg": {
      "category": "Selver:Pasta",
      "entries": [
        {
          "t": "2026-01-19T23:06:30.489722",
          "p": 4.29
        }
      ],
      "latest_price": 4.29,
      "price_per_unit": 4.29,
      "unit_label": "kg",
      "url": "https://www.selver.ee/penne-rigate-panzani-1-kg",
      "img": "https://www.selver.ee/img/450/440/resize/3/0/3038359002144.jpg",
      "store": "Selver",
      "is_sale": false
    },
    "Makaronid Spaghetti gluteenivabad, PANZANI, 400 g": {
      "category": "Selver:Pasta",
      "entries": [
        {
          "t": "2026-01-19T23:06:30.489722",
          "p": 3.3
        }
      ],
      "latest_price": 3.3,
      "price_per_unit": 8.25,
      "unit_label": "kg",
      "url": "https://www.selver.ee/makaronid-spaghetti-gluteenivabad-panzani-400-g",
      "img": "https://www.selver.ee/img/450/440/resize/3/0/3038359004506.jpg",
      "store": "Selver",
      "is_sale": false
    },
    "Spagetid, CAMPAGNA, 500 g": {
      "category": "Selver:Pasta",
      "entries": [
        {
          "t": "2026-01-19T23:06:30.489722",
          "p": 1.17
        }
      ],
      "latest_price": 1.17,
      "price_per_unit": 2.34,
      "unit_label": "kg",
      "url": "https://www.selver.ee/spagetid-campagna-500-g",
      "img": "https://www.selver.ee/img/450/440/resize/8/0/8005391104438.jpg",
      "store": "Selver",
      "is_sale": false
    },
    "Pasta durum Maccheroni Lisci, TARTU MILL, 500 g": {
      "category": "Selver:Pasta",
      "entries": [
        {
          "t": "2026-01-19T23:06:30.489722",
          "p": 1.37
        }
      ],
      "latest_price": 1.37,
      "price_per_unit": 2.74,
      "unit_label": "kg",
      "url": "https://www.selver.ee/pasta-durum-maccheroni-lisci-tartu-mill-500-g",
      "img": "https://www.selver.ee/img/450/440/resize/4/7/4743303115014.jpg",
      "store": "Selver",
      "is_sale": false
    },
    "Tofe (suur teokarp), REGGIA, 500 g": {
      "category": "Selver:Pasta",
      "entries": [
        {
          "t": "2026-01-19T23:06:30.489722",
          "p": 1.87
        }
      ],
      "latest_price": 1.87,
      "price_per_unit": 3.74,
      "unit_label": "kg",
      "url": "https://www.selver.ee/tofe-suur-teokarp-reggia-500-g",
      "img": "https://www.selver.ee/img/450/440/resize/8/0/8008857300627.jpg",
      "store": "Selver",
      "is_sale": false
    },
    "Pärlkuskuss 4 x 75g, BOSTO, 300 g": {
      "category": "Selver:Pasta",
      "entries": [
        {
          "t": "2026-01-19T23:06:30.489722",
          "p": 3.45
        }
      ],
      "latest_price": 3.45,
      "price_per_unit": 11.5,
      "unit_label": "kg",
      "url": "https://www.selver.ee/parlkuskuss-4-x-75g-bosto-300-g",
      "img": "https://www.selver.ee/img/450/440/resize/5/4/5410106070183.jpg",
      "store": "Selver",
      "is_sale": false
    },
    "Tagliatelle munaga, GRANORO, 500 g": {
      "category": "Selver:Pasta",
      "entries": [
        {
          "t": "2026-01-19T23:06:30.489722",
          "p": 2.59
        }
      ],
      "latest_price": 2.59,
      "price_per_unit": 5.18,
      "unit_label": "kg",
      "url": "https://www.selver.ee/tagliatelle-munaga-granoro-500-g",
      "img": "https://www.selver.ee/img/450/440/resize/8/0/8007290231161.jpg",
      "store": "Selver",
      "is_sale": false
    },
    "Bucatini, REGGIA, 500 g": {
      "category": "Selver:Pasta",
      "entries": [
        {
          "t": "2026-01-19T23:06:30.489722",
          "p": 1.87
        }
      ],
      "latest_price": 1.87,
      "price_per_unit": 3.74,
      "unit_label": "kg",
      "url": "https://www.selver.ee/bucatini-reggia-500-g",
      "img": "https://www.selver.ee/img/450/440/resize/8/0/8008857200156.jpg",
      "store": "Selver",
      "is_sale": false
    },
    "Durumjahust täistera Spagetid, TARTU MILL, 500 g": {
      "category": "Selver:Pasta",
      "entries": [
        {
          "t": "2026-01-19T23:06:30.489722",
          "p": 1.47
        }
      ],
      "latest_price": 1.47,
      "price_per_unit": 2.94,
      "unit_label": "kg",
      "url": "https://www.selver.ee/durumjahust-taistera-spagetid-tartu-mill-500-g",
      "img": "https://www.selver.ee/img/450/440/resize/4/7/4750020053154.jpg",
      "store": "Selver",
      "is_sale": false
    },
    "Penne Mezzane (peenike torumakaron), REGGIA, 500 g": {
      "category": "Selver:Pasta",
      "entries": [
        {
          "t": "2026-01-19T23:06:30.489722",
          "p": 1.87
        }
      ],
      "latest_price": 1.87,
      "price_per_unit": 3.74,
      "unit_label": "kg",
      "url": "https://www.selver.ee/penne-mezzane-peenike-torumakaron-reggia-500-g",
      "img": "https://www.selver.ee/img/450/440/resize/8/0/8008857300375.jpg",
      "store": "Selver",
      "is_sale": false
    },
    "Kuskuss, PASTA ZARA, 500 g": {
      "category": "Selver:Pasta",
      "entries": [
        {
          "t": "2026-01-19T23:06:30.489722",
          "p": 2.56
        }
      ],
      "latest_price": 2.56,
      "price_per_unit": 5.12,
      "unit_label": "kg",
      "url": "https://www.selver.ee/kuskuss-pasta-zara-500-g",
      "img": "https://www.selver.ee/img/450/440/resize/8/0/8004350131850.jpg",
      "store": "Selver",
      "is_sale": false
    },
    "Pasta täistera Chiffari Lisci, TARTU MILL, 500 g": {
      "category": "Selver:Pasta",
      "entries": [
        {
          "t": "2026-01-19T23:06:30.489722",
          "p": 1.47
        }
      ],
      "latest_price": 1.47,
      "price_per_unit": 2.94,
      "unit_label": "kg",
      "url": "https://www.selver.ee/pasta-taistera-chiffari-lisci-tartu-mill-500-g",
      "img": "https://www.selver.ee/img/450/440/resize/4/7/4750020053383.jpg",
      "store": "Selver",
      "is_sale": false
    },
    "Pasta Chifferini, CAMPAGNA, 500 g": {
      "category": "Selver:Pasta",
      "entries": [
        {
          "t": "2026-01-19T23:06:30.489722",
          "p": 1.39
        }
      ],
      "latest_price": 1.39,
      "price_per_unit": 2.78,
      "unit_label": "kg",
      "url": "https://www.selver.ee/pasta-chifferini-campagna-500-g",
      "img": "https://www.selver.ee/img/450/440/resize/8/0/8005391152439.jpg",
      "store": "Selver",
      "is_sale": false
    },
    "Selezione Di Chef Tagliatelle pasta värske munaga, PANZANI, 400 g": {
      "category": "Selver:Pasta",
      "entries": [
        {
          "t": "2026-01-19T23:06:30.489722",
          "p": 3.61
        }
      ],
      "latest_price": 3.61,
      "price_per_unit": 9.02,
      "unit_label": "kg",
      "url": "https://www.selver.ee/selezione-di-chef-tagliatelle-pasta-varske-munaga-panzani-400-g",
      "img": "https://www.selver.ee/img/450/440/resize/3/0/3038359010101.jpg",
      "store": "Selver",
      "is_sale": false
    },
    "Tagliatelle, GRANORO, 500 g": {
      "category": "Selver:Pasta",
      "entries": [
        {
          "t": "2026-01-19T23:06:30.489722",
          "p": 2.46
        }
      ],
      "latest_price": 2.46,
      "price_per_unit": 4.92,
      "unit_label": "kg",
      "url": "https://www.selver.ee/tagliatelle-granoro-500-g",
      "img": "https://www.selver.ee/img/450/440/resize/8/0/8007290330819.jpg",
      "store": "Selver",
      "is_sale": false
    },
    "Täisterajahu Spiraal, MELISSA, 500g": {
      "category": "Selver:Pasta",
      "entries": [
        {
          "t": "2026-01-19T23:06:30.489722",
          "p": 1.58
        }
      ],
      "latest_price": 1.58,
      "price_per_unit": 3.16,
      "unit_label": "kg",
      "url": "https://www.selver.ee/taisterajahu-spiraal-melissa-500g",
      "img": "https://www.selver.ee/img/450/440/resize/5/2/5201193180424.jpg",
      "store": "Selver",
      "is_sale": false
    },
    "Durumjahust täistera penned, TARTU MILL, 500 g": {
      "category": "Selver:Pasta",
      "entries": [
        {
          "t": "2026-01-19T23:06:30.489722",
          "p": 1.47
        }
      ],
      "latest_price": 1.47,
      "price_per_unit": 2.94,
      "unit_label": "kg",
      "url": "https://www.selver.ee/durumjahust-taistera-penned-tartu-mill-500-g",
      "img": "https://www.selver.ee/img/450/440/resize/4/7/4750020053147.jpg",
      "store": "Selver",
      "is_sale": false
    },
    "Pasta Tagliatelle, BARILLA, 500 g": {
      "category": "Selver:Pasta",
      "entries": [
        {
          "t": "2026-01-19T23:06:30.489722",
          "p": 4.59
        }
      ],
      "latest_price": 4.59,
      "price_per_unit": 9.18,
      "unit_label": "kg",
      "url": "https://www.selver.ee/pasta-tagliatelle-barilla-500-g",
      "img": "https://www.selver.ee/img/450/440/resize/8/0/8076809580731.jpg",
      "store": "Selver",
      "is_sale": false
    },
    "Durum pasta Mini Lasagne, TARTU MILL, 400 g": {
      "category": "Selver:Pasta",
      "entries": [
        {
          "t": "2026-01-19T23:06:30.489722",
          "p": 1.37
        }
      ],
      "latest_price": 1.37,
      "price_per_unit": 3.43,
      "unit_label": "kg",
      "url": "https://www.selver.ee/durum-pasta-mini-lasagne-tartu-mill-400-g",
      "img": "data:image/gif;base64,R0lGODlhAQABAIAAAAAAAP///yH5BAEAAAAALAAAAAABAAEAAAIBRAA7",
      "store": "Selver",
      "is_sale": false
    },
    "Lasanjeplaadid, REGGIA, 500 g": {
      "category": "Selver:Pasta",
      "entries": [
        {
          "t": "2026-01-19T23:06:30.489722",
          "p": 2.52
        },
        {
          "t": "2026-01-27T10:31:51.707194",
          "p": 3.15
        }
      ],
      "latest_price": 3.15,
      "price_per_unit": 6.3,
      "unit_label": "kg",
      "url": "https://www.selver.ee/lasanjeplaadid-reggia-500-g",
      "img": "data:image/gif;base64,R0lGODlhAQABAIAAAAAAAP///yH5BAEAAAAALAAAAAABAAEAAAIBRAA7",
      "store": "Selver",
      "is_sale": false
    },
    "Pasta durum Fusilli, TARTU MILL, 1 kg": {
      "category": "Selver:Pasta",
      "entries": [
        {
          "t": "2026-01-19T23:06:30.489722",
          "p": 1.99
        }
      ],
      "latest_price": 1.99,
      "price_per_unit": 1.99,
      "unit_label": "kg",
      "url": "https://www.selver.ee/pasta-durum-fusilli-tartu-mill-1-kg",
      "img": "https://www.selver.ee/img/450/440/resize/4/7/4740493004005.jpg",
      "store": "Selver"
    },
    "Selezione Di Chef Collerette pasta värske munaga, PANZANI, 400 g": {
      "category": "Selver:Pasta",
      "entries": [
        {
          "t": "2026-01-19T23:06:30.489722",
          "p": 3.45
        }
      ],
      "latest_price": 3.45,
      "price_per_unit": 8.63,
      "unit_label": "kg",
      "url": "https://www.selver.ee/selezione-di-chef-collerette-pasta-varske-munaga-panzani-400-g",
      "img": "data:image/gif;base64,R0lGODlhAQABAIAAAAAAAP///yH5BAEAAAAALAAAAAABAAEAAAIBRAA7",
      "store": "Selver",
      "is_sale": false
    },
    "Lastemakaronid Paw Patrol, MELISSA, 500 g": {
      "category": "Selver:Pasta",
      "entries": [
        {
          "t": "2026-01-19T23:06:30.489722",
          "p": 1.75
        }
      ],
      "latest_price": 1.75,
      "price_per_unit": 3.5,
      "unit_label": "kg",
      "url": "https://www.selver.ee/lastemakaronid-paw-patrol-melissa-500-g",
      "img": "data:image/gif;base64,R0lGODlhAQABAIAAAAAAAP///yH5BAEAAAAALAAAAAABAAEAAAIBRAA7",
      "store": "Selver",
      "is_sale": false
    },
    "Lumache Rigate nr 39, DELVERDE, 500 g": {
      "category": "Selver:Pasta",
      "entries": [
        {
          "t": "2026-01-19T23:06:30.489722",
          "p": 2.73
        }
      ],
      "latest_price": 2.73,
      "price_per_unit": 5.46,
      "unit_label": "kg",
      "url": "https://www.selver.ee/lumache-rigate-nr-39-delverde-500-g",
      "img": "https://www.selver.ee/img/450/440/resize/8/0/8006680040390.jpg",
      "store": "Selver",
      "is_sale": false
    },
    "Pasta durum Penne, TARTU MILL, 1 kg": {
      "category": "Selver:Pasta",
      "entries": [
        {
          "t": "2026-01-19T23:06:30.489722",
          "p": 1.99
        }
      ],
      "latest_price": 1.99,
      "price_per_unit": 1.99,
      "unit_label": "kg",
      "url": "https://www.selver.ee/pasta-durum-penne-tartu-mill-1-kg",
      "img": "https://www.selver.ee/img/450/440/resize/4/7/4740493004012.jpg",
      "store": "Selver"
    },
    "Fusilli, DELVERDE, 500 g": {
      "category": "Selver:Pasta",
      "entries": [
        {
          "t": "2026-01-19T23:06:30.489722",
          "p": 2.73
        }
      ],
      "latest_price": 2.73,
      "price_per_unit": 5.46,
      "unit_label": "kg",
      "url": "https://www.selver.ee/fusilli-delverde-500-g",
      "img": "https://www.selver.ee/img/450/440/resize/8/0/8006680040291.jpg",
      "store": "Selver",
      "is_sale": false
    },
    "Pasta durum Spaghetti Nr 7, TARTU MILL, 1 kg": {
      "category": "Selver:Pasta",
      "entries": [
        {
          "t": "2026-01-19T23:06:30.489722",
          "p": 1.99
        }
      ],
      "latest_price": 1.99,
      "price_per_unit": 1.99,
      "unit_label": "kg",
      "url": "https://www.selver.ee/pasta-durum-spaghetti-nr-7-tartu-mill-1-kg",
      "img": "https://www.selver.ee/img/450/440/resize/4/7/4750020051051.jpg",
      "store": "Selver"
    },
    "\"Nutri Mio\" gluteenivaba pasta FUSILLI, REGGIA, 400 g": {
      "category": "Selver:Pasta",
      "entries": [
        {
          "t": "2026-01-19T23:06:30.489722",
          "p": 2.5
        },
        {
          "t": "2026-01-27T10:31:51.707194",
          "p": 3.12
        }
      ],
      "latest_price": 3.12,
      "price_per_unit": 7.8,
      "unit_label": "kg",
      "url": "https://www.selver.ee/nutri-mio-gluteenivaba-pasta-fusilli-reggia-400-g",
      "img": "https://www.selver.ee/img/450/440/resize/8/0/8008857114484.jpg",
      "store": "Selver",
      "is_sale": false
    },
    "Lastemakaronid põrsas Peppa, MELISSA, 500 g": {
      "category": "Selver:Pasta",
      "entries": [
        {
          "t": "2026-01-19T23:06:30.489722",
          "p": 1.75
        }
      ],
      "latest_price": 1.75,
      "price_per_unit": 3.5,
      "unit_label": "kg",
      "url": "https://www.selver.ee/lastemakaronid-porsas-peppa-melissa-500-g",
      "img": "https://www.selver.ee/img/450/440/resize/5/2/5201193203536.jpg",
      "store": "Selver",
      "is_sale": false
    },
    "Pasta Penne Rigate, CAMPAGNA, 500 g": {
      "category": "Selver:Pasta",
      "entries": [
        {
          "t": "2026-01-19T23:06:30.489722",
          "p": 1.17
        }
      ],
      "latest_price": 1.17,
      "price_per_unit": 2.34,
      "unit_label": "kg",
      "url": "https://www.selver.ee/pasta-penne-rigate-campagna-500-g",
      "img": "https://www.selver.ee/img/450/440/resize/8/0/8005391127437.jpg",
      "store": "Selver",
      "is_sale": false
    },
    "Coquillette väikesed sarvekesed, PANZANI, 3 kg, ettetellimisel": {
      "category": "Selver:Pasta",
      "entries": [
        {
          "t": "2026-01-19T23:06:30.489722",
          "p": 7.29
        },
        {
          "t": "2026-01-27T10:31:51.707194",
          "p": 10.99
        }
      ],
      "latest_price": 10.99,
      "price_per_unit": 3.66,
      "unit_label": "kg",
      "url": "https://www.selver.ee/coquillette-vaikesed-sarvekesed-panzani-3-kg-ettetellimisel",
      "img": "https://www.selver.ee/img/450/440/resize/3/0/3038359009631.jpg",
      "store": "Selver",
      "is_sale": false
    },
    "Macaroni makaronid, PANZANI, 3 kg, ettetellimisel": {
      "category": "Selver:Pasta",
      "entries": [
        {
          "t": "2026-01-19T23:06:30.489722",
          "p": 7.29
        },
        {
          "t": "2026-01-27T10:31:51.707194",
          "p": 10.99
        }
      ],
      "latest_price": 10.99,
      "price_per_unit": 3.66,
      "unit_label": "kg",
      "url": "https://www.selver.ee/macaroni-makaronid-panzani-3-kg-ettetellimisel",
      "img": "https://www.selver.ee/img/450/440/resize/3/0/3038359009648.jpg",
      "store": "Selver",
      "is_sale": false
    },
    "Pasta köögiviljadega Margaritas, GALLO, 450 g": {
      "category": "Selver:Pasta",
      "entries": [
        {
          "t": "2026-01-19T23:06:30.489722",
          "p": 1.88
        }
      ],
      "latest_price": 1.88,
      "price_per_unit": 4.18,
      "unit_label": "kg",
      "url": "https://www.selver.ee/pasta-koogiviljadega-margaritas-gallo-450-g",
      "img": "https://www.selver.ee/img/450/440/resize/8/4/8410069017956.jpg",
      "store": "Selver",
      "is_sale": false
    },
    "HULGI Penne Rigate torukesed 2tk, BARILLA, 2 x 500g": {
      "category": "Selver:Pasta",
      "entries": [
        {
          "t": "2026-01-19T23:06:30.489722",
          "p": 3.2
        }
      ],
      "latest_price": 3.2,
      "price_per_unit": 3.2,
      "unit_label": "kg",
      "url": "https://www.selver.ee/hulgi-penne-rigate-torukesed-2tk-barilla-2-x-500g",
      "img": "https://www.selver.ee/img/450/440/resize/0/2/0213000000950.jpg",
      "store": "Selver",
      "is_sale": false
    },
    "Pasta durum Cornetti, TARTU MILL, 1 kg": {
      "category": "Selver:Pasta",
      "entries": [
        {
          "t": "2026-01-19T23:06:30.489722",
          "p": 1.99
        }
      ],
      "latest_price": 1.99,
      "price_per_unit": 1.99,
      "unit_label": "kg",
      "url": "https://www.selver.ee/pasta-durum-cornetti-tartu-mill-1-kg",
      "img": "https://www.selver.ee/img/450/440/resize/4/7/4740493004029.jpg",
      "store": "Selver"
    },
    "Täistera kuskuss, PASTA ZARA, 500 g": {
      "category": "Selver:Pasta",
      "entries": [
        {
          "t": "2026-01-19T23:06:30.489722",
          "p": 2.63
        }
      ],
      "latest_price": 2.63,
      "price_per_unit": 5.26,
      "unit_label": "kg",
      "url": "https://www.selver.ee/taistera-kuskuss-pasta-zara-500-g",
      "img": "data:image/gif;base64,R0lGODlhAQABAIAAAAAAAP///yH5BAEAAAAALAAAAAABAAEAAAIBRAA7",
      "store": "Selver"
    },
    "Gluteenivaba maisijahust fusilli, SAM MILLS, 500 g": {
      "category": "Selver:Pasta",
      "entries": [
        {
          "t": "2026-01-19T23:06:30.489722",
          "p": 3.34
        }
      ],
      "latest_price": 3.34,
      "price_per_unit": 6.68,
      "unit_label": "kg",
      "url": "https://www.selver.ee/gluteenivaba-maisijahust-fusilli-sam-mills-500-g",
      "img": "https://www.selver.ee/img/450/440/resize/5/9/5948935000274.jpg",
      "store": "Selver",
      "is_sale": false
    },
    "Penne Rigate täisterajahust, MELISSA, 500 g": {
      "category": "Selver:Pasta",
      "entries": [
        {
          "t": "2026-01-19T23:06:30.489722",
          "p": 1.58
        }
      ],
      "latest_price": 1.58,
      "price_per_unit": 3.16,
      "unit_label": "kg",
      "url": "https://www.selver.ee/penne-rigate-taisterajahust-melissa-500-g",
      "img": "data:image/gif;base64,R0lGODlhAQABAIAAAAAAAP///yH5BAEAAAAALAAAAAABAAEAAAIBRAA7",
      "store": "Selver"
    },
    "Linguine nr 11, DELVERDE, 500 g": {
      "category": "Selver:Pasta",
      "entries": [
        {
          "t": "2026-01-19T23:06:30.489722",
          "p": 2.73
        }
      ],
      "latest_price": 2.73,
      "price_per_unit": 5.46,
      "unit_label": "kg",
      "url": "https://www.selver.ee/linguine-nr-11-delverde-500-g",
      "img": "https://www.selver.ee/img/450/440/resize/8/0/8006680040116.jpg",
      "store": "Selver",
      "is_sale": false
    },
    "Cannelloni torud, PANZANI, 250 g": {
      "category": "Selver:Pasta",
      "entries": [
        {
          "t": "2026-01-19T23:06:30.489722",
          "p": 1.98
        }
      ],
      "latest_price": 1.98,
      "price_per_unit": 7.92,
      "unit_label": "kg",
      "url": "https://www.selver.ee/cannelloni-torud-panzani-250-g",
      "img": "https://www.selver.ee/img/450/440/resize/3/0/3038351480407.jpg",
      "store": "Selver",
      "is_sale": false
    },
    "Lastemakaronid Minions, MELISSA, 500 g": {
      "category": "Selver:Pasta",
      "entries": [
        {
          "t": "2026-01-19T23:06:30.489722",
          "p": 1.75
        }
      ],
      "latest_price": 1.75,
      "price_per_unit": 3.5,
      "unit_label": "kg",
      "url": "https://www.selver.ee/lastemakaronid-minions-melissa-500-g",
      "img": "https://www.selver.ee/img/450/440/resize/5/2/5201193204021.jpg",
      "store": "Selver",
      "is_sale": false
    },
    "Kuskuss pärli kolmevärviline, SENC MAROC, 900 g": {
      "category": "Selver:Pasta",
      "entries": [
        {
          "t": "2026-01-19T23:06:30.489722",
          "p": 7.1
        }
      ],
      "latest_price": 7.1,
      "price_per_unit": 7.89,
      "unit_label": "kg",
      "url": "https://www.selver.ee/kuskuss-parli-kolmevarviline-senc-maroc-900-g",
      "img": "https://www.selver.ee/img/450/440/resize/8/7/8720387052059.jpg",
      "store": "Selver",
      "is_sale": false
    },
    "Kuskuss pärli, SENC MAROC, 900 g": {
      "category": "Selver:Pasta",
      "entries": [
        {
          "t": "2026-01-19T23:06:30.489722",
          "p": 6.59
        }
      ],
      "latest_price": 6.59,
      "price_per_unit": 7.32,
      "unit_label": "kg",
      "url": "https://www.selver.ee/kuskuss-parli-senc-maroc-900-g",
      "img": "https://www.selver.ee/img/450/440/resize/8/7/8720387052066.jpg",
      "store": "Selver",
      "is_sale": false
    },
    "Organic Spaghetti bronze Nr.205, CASA RINALDI, 500 g": {
      "category": "Selver:Pasta",
      "entries": [
        {
          "t": "2026-01-19T23:06:30.489722",
          "p": 2.49
        }
      ],
      "latest_price": 2.49,
      "price_per_unit": 4.98,
      "unit_label": "kg",
      "url": "https://www.selver.ee/organic-spaghetti-bronze-nr-205-casa-rinaldi-500-g",
      "img": "https://www.selver.ee/img/450/440/resize/8/0/8006165407953.jpg",
      "store": "Selver",
      "is_sale": false
    },
    "Gluteenivaba maisijahust penne rigate, SAM MILLS, 500 g": {
      "category": "Selver:Pasta",
      "entries": [
        {
          "t": "2026-01-19T23:06:30.489722",
          "p": 3.34
        }
      ],
      "latest_price": 3.34,
      "price_per_unit": 6.68,
      "unit_label": "kg",
      "url": "https://www.selver.ee/gluteenivaba-maisijahust-penne-rigate-sam-mills-500-g",
      "img": "https://www.selver.ee/img/450/440/resize/5/9/5948935000267.jpg",
      "store": "Selver",
      "is_sale": false
    },
    "\"Nutri Mio\" gluteenivaba pasta PENNE RIGATE, REGGIA, 400 g": {
      "category": "Selver:Pasta",
      "entries": [
        {
          "t": "2026-01-19T23:06:30.489722",
          "p": 2.5
        },
        {
          "t": "2026-01-27T10:31:51.707194",
          "p": 3.12
        }
      ],
      "latest_price": 3.12,
      "price_per_unit": 7.8,
      "unit_label": "kg",
      "url": "https://www.selver.ee/nutri-mio-gluteenivaba-pasta-penne-rigate-reggia-400-g",
      "img": "https://www.selver.ee/img/450/440/resize/8/0/8008857114347.jpg",
      "store": "Selver",
      "is_sale": false
    },
    "\"Nutri Mio\" gluteenivaba pasta SPAGHETTI, REGGIA, 400 g": {
      "category": "Selver:Pasta",
      "entries": [
        {
          "t": "2026-01-19T23:06:30.489722",
          "p": 2.5
        },
        {
          "t": "2026-01-27T10:31:51.707194",
          "p": 3.12
        }
      ],
      "latest_price": 3.12,
      "price_per_unit": 7.8,
      "unit_label": "kg",
      "url": "https://www.selver.ee/nutri-mio-gluteenivaba-pasta-spaghetti-reggia-400-g",
      "img": "https://www.selver.ee/img/450/440/resize/8/0/8008857114194.jpg",
      "store": "Selver",
      "is_sale": false
    },
    "Pastariis Orzo, CAMPAGNA, 500 g": {
      "category": "Selver:Pasta",
      "entries": [
        {
          "t": "2026-01-19T23:06:30.489722",
          "p": 1.17
        }
      ],
      "latest_price": 1.17,
      "price_per_unit": 2.34,
      "unit_label": "kg",
      "url": "https://www.selver.ee/pastariis-orzo-campagna-500-g",
      "img": "https://www.selver.ee/img/450/440/resize/8/0/8005391161431.jpg",
      "store": "Selver",
      "is_sale": false
    },
    "Torti spiraalid, PANZANI, 3 kg, ettetellimisel": {
      "category": "Selver:Pasta",
      "entries": [
        {
          "t": "2026-01-19T23:06:30.489722",
          "p": 7.29
        },
        {
          "t": "2026-01-27T10:31:51.707194",
          "p": 10.99
        }
      ],
      "latest_price": 10.99,
      "price_per_unit": 3.66,
      "unit_label": "kg",
      "url": "https://www.selver.ee/torti-spiraalid-panzani-3-kg-ettetellimisel",
      "img": "data:image/gif;base64,R0lGODlhAQABAIAAAAAAAP///yH5BAEAAAAALAAAAAABAAEAAAIBRAA7",
      "store": "Selver",
      "is_sale": false
    },
    "Durumnisumannast pasta \"autod\" tomati ja spinatiga, DALLA, 300 g": {
      "category": "Selver:Pasta",
      "entries": [
        {
          "t": "2026-01-19T23:06:30.489722",
          "p": 2.33
        }
      ],
      "latest_price": 2.33,
      "price_per_unit": 7.77,
      "unit_label": "kg",
      "url": "https://www.selver.ee/durumnisumannast-pasta-autod-tomati-ja-spinatiga-dalla-300-g",
      "img": "data:image/gif;base64,R0lGODlhAQABAIAAAAAAAP///yH5BAEAAAAALAAAAAABAAEAAAIBRAA7",
      "store": "Selver",
      "is_sale": false
    },
    "Organic Penne Rigate bronze Nr.244, CASA RINALDI, 500 g": {
      "category": "Selver:Pasta",
      "entries": [
        {
          "t": "2026-01-19T23:06:30.489722",
          "p": 2.49
        }
      ],
      "latest_price": 2.49,
      "price_per_unit": 4.98,
      "unit_label": "kg",
      "url": "https://www.selver.ee/organic-penne-rigate-bronze-nr-244-casa-rinaldi-500-g",
      "img": "data:image/gif;base64,R0lGODlhAQABAIAAAAAAAP///yH5BAEAAAAALAAAAAABAAEAAAIBRAA7",
      "store": "Selver",
      "is_sale": false
    },
    "Durumnisumannast pasta \"printsess\" tomati ja spinatiga, DALLA, 300 g": {
      "category": "Selver:Pasta",
      "entries": [
        {
          "t": "2026-01-19T23:06:30.489722",
          "p": 2.33
        }
      ],
      "latest_price": 2.33,
      "price_per_unit": 7.77,
      "unit_label": "kg",
      "url": "https://www.selver.ee/durumnisumannast-pasta-printsess-tomati-ja-spinatiga-dalla-300-g",
      "img": "data:image/gif;base64,R0lGODlhAQABAIAAAAAAAP///yH5BAEAAAAALAAAAAABAAEAAAIBRAA7",
      "store": "Selver",
      "is_sale": false
    },
    "HULGI Spagetid Spaghetti 4 tk, PANZANI, 4 x 500 g": {
      "category": "Selver:Pasta",
      "entries": [
        {
          "t": "2026-01-19T23:06:30.489722",
          "p": 6.5
        }
      ],
      "latest_price": 6.5,
      "price_per_unit": 3.25,
      "unit_label": "kg",
      "url": "https://www.selver.ee/hulgi-spagetid-spaghetti-4-tk-panzani-4-x-500-g",
      "img": "https://www.selver.ee/img/450/440/resize/0/2/0213000001216.jpg",
      "store": "Selver",
      "is_sale": false
    },
    "Lasanjelehed, FIRST PRICE, 500 g": {
      "category": "Selver:Pasta",
      "entries": [
        {
          "t": "2026-01-19T23:06:30.489722",
          "p": 2.02
        }
      ],
      "latest_price": 2.02,
      "price_per_unit": 4.04,
      "unit_label": "kg",
      "url": "https://www.selver.ee/lasanjelehed-first-price-500-g",
      "img": "https://www.selver.ee/img/450/440/resize/7/3/7311041085905.jpg",
      "store": "Selver",
      "is_sale": false
    },
    "Spagetid, FIRST PRICE, 1 kg": {
      "category": "Selver:Pasta",
      "entries": [
        {
          "t": "2026-01-19T23:06:30.489722",
          "p": 2.23
        }
      ],
      "latest_price": 2.23,
      "price_per_unit": 2.23,
      "unit_label": "kg",
      "url": "https://www.selver.ee/spagetid-first-price-1-kg",
      "img": "https://www.selver.ee/img/450/440/resize/7/3/7311041085912.jpg",
      "store": "Selver",
      "is_sale": false
    },
    "Fusilli, FIRST PRICE, 500 g": {
      "category": "Selver:Pasta",
      "entries": [
        {
          "t": "2026-01-19T23:06:30.489722",
          "p": 1.31
        }
      ],
      "latest_price": 1.31,
      "price_per_unit": 2.62,
      "unit_label": "kg",
      "url": "https://www.selver.ee/fusilli-first-price-500-g",
      "img": "https://www.selver.ee/img/450/440/resize/7/3/7311041085929.jpg",
      "store": "Selver",
      "is_sale": false
    },
    "Makaronid, FIRST PRICE, 500 g": {
      "category": "Selver:Pasta",
      "entries": [
        {
          "t": "2026-01-19T23:06:30.489722",
          "p": 1.31
        }
      ],
      "latest_price": 1.31,
      "price_per_unit": 2.62,
      "unit_label": "kg",
      "url": "https://www.selver.ee/makaronid-first-price-500-g",
      "img": "https://www.selver.ee/img/450/440/resize/7/3/7311041085936.jpg",
      "store": "Selver",
      "is_sale": false
    },
    "BIO 003 spagetid / Spaghetti, PASTA ZARA, 500 g": {
      "category": "Selver:Pasta",
      "entries": [
        {
          "t": "2026-01-19T23:06:30.489722",
          "p": 1.95
        }
      ],
      "latest_price": 1.95,
      "price_per_unit": 3.9,
      "unit_label": "kg",
      "url": "https://www.selver.ee/bio-003-spagetid-spaghetti-pasta-zara-500-g",
      "img": "https://www.selver.ee/img/450/440/resize/8/0/8004350005922.jpg",
      "store": "Selver",
      "is_sale": false
    },
    "Mustad spagetid seepiatindiga, ARMANDO, 500 g": {
      "category": "Selver:Pasta",
      "entries": [
        {
          "t": "2026-01-19T23:06:30.489722",
          "p": 3.55
        }
      ],
      "latest_price": 3.55,
      "price_per_unit": 7.1,
      "unit_label": "kg",
      "url": "https://www.selver.ee/mustad-spagetid-seepiatindiga-armando-500-g",
      "img": "https://www.selver.ee/img/450/440/resize/8/0/8005709401051.jpg",
      "store": "Selver"
    },
    "Pasta Linquine Bronze, IL GRANDO DI ARMANDO, 500 g": {
      "category": "Selver:Pasta",
      "entries": [
        {
          "t": "2026-01-19T23:06:30.489722",
          "p": 2.84
        }
      ],
      "latest_price": 2.84,
      "price_per_unit": 5.68,
      "unit_label": "kg",
      "url": "https://www.selver.ee/pasta-linquine-bronze-il-grando-di-armando-500-g",
      "img": "https://www.selver.ee/img/450/440/resize/8/0/8005709204034.jpg",
      "store": "Selver",
      "is_sale": false
    },
    "Pasta Fusilli Bronze, IL GRANDO DI ARMANDO, 500 g": {
      "category": "Selver:Pasta",
      "entries": [
        {
          "t": "2026-01-19T23:06:30.489722",
          "p": 2.84
        }
      ],
      "latest_price": 2.84,
      "price_per_unit": 5.68,
      "unit_label": "kg",
      "url": "https://www.selver.ee/pasta-fusilli-bronze-il-grando-di-armando-500-g",
      "img": "https://www.selver.ee/img/450/440/resize/8/0/8005709204607.jpg",
      "store": "Selver",
      "is_sale": false
    },
    "Penne Ziti Rigate, REGGIA, 5 kg, , ettetellimisel": {
      "category": "Selver:Pasta",
      "entries": [
        {
          "t": "2026-01-19T23:06:30.489722",
          "p": 16.99
        }
      ],
      "latest_price": 16.99,
      "price_per_unit": 3.4,
      "unit_label": "kg",
      "url": "https://www.selver.ee/penne-ziti-rigate-reggia-5-kg-ettetellimisel",
      "img": "https://www.selver.ee/img/450/440/resize/8/0/8008857350349.jpg",
      "store": "Selver",
      "is_sale": false
    },
    "Fusilli, REGGIA, 5 kg, , ettetellimisel": {
      "category": "Selver:Pasta",
      "entries": [
        {
          "t": "2026-01-19T23:06:30.489722",
          "p": 16.99
        }
      ],
      "latest_price": 16.99,
      "price_per_unit": 3.4,
      "unit_label": "kg",
      "url": "https://www.selver.ee/fusilli-reggia-5-kg-ettetellimisel",
      "img": "https://www.selver.ee/img/450/440/resize/8/0/8008857350486.jpg",
      "store": "Selver",
      "is_sale": false
    },
    "Spaghetti (spagett), REGGIA, 5 kg, , ettetellimisel": {
      "category": "Selver:Pasta",
      "entries": [
        {
          "t": "2026-01-19T23:06:30.489722",
          "p": 16.99
        }
      ],
      "latest_price": 16.99,
      "price_per_unit": 3.4,
      "unit_label": "kg",
      "url": "https://www.selver.ee/spaghetti-spagett-reggia-5-kg-ettetellimisel",
      "img": "https://www.selver.ee/img/450/440/resize/8/0/8008857250199.jpg",
      "store": "Selver",
      "is_sale": false
    },
    "Pasta Elbows, REGGIA, 5 kg, , ettetellimisel": {
      "category": "Selver:Pasta",
      "entries": [
        {
          "t": "2026-01-19T23:06:30.489722",
          "p": 16.99
        }
      ],
      "latest_price": 16.99,
      "price_per_unit": 3.4,
      "unit_label": "kg",
      "url": "https://www.selver.ee/pasta-elbows-reggia-5-kg-ettetellimisel",
      "img": "https://www.selver.ee/img/450/440/resize/8/0/8008857350585.jpg",
      "store": "Selver",
      "is_sale": false
    },
    "Ditalini, REGGIA, 5 kg, , ettetellimisel": {
      "category": "Selver:Pasta",
      "entries": [
        {
          "t": "2026-01-19T23:06:30.489722",
          "p": 17.27
        }
      ],
      "latest_price": 17.27,
      "price_per_unit": 3.45,
      "unit_label": "kg",
      "url": "https://www.selver.ee/ditalini-reggia-5-kg-ettetellimisel",
      "img": "https://www.selver.ee/img/450/440/resize/8/0/8008857350684.jpg",
      "store": "Selver",
      "is_sale": false
    },
    "Spaghetti Tagliati, REGGIA, 5 kg, , ettetellimisel": {
      "category": "Selver:Pasta",
      "entries": [
        {
          "t": "2026-01-19T23:06:30.489722",
          "p": 16.99
        }
      ],
      "latest_price": 16.99,
      "price_per_unit": 3.4,
      "unit_label": "kg",
      "url": "https://www.selver.ee/spaghetti-tagliati-reggia-5-kg-ettetellimisel",
      "img": "https://www.selver.ee/img/450/440/resize/8/0/8008857350776.jpg",
      "store": "Selver",
      "is_sale": false
    },
    "Bucatini Bronzo No6, DELVERDE, 500 g": {
      "category": "Selver:Pasta",
      "entries": [
        {
          "t": "2026-01-19T23:06:30.489722",
          "p": 2.73
        }
      ],
      "latest_price": 2.73,
      "price_per_unit": 5.46,
      "unit_label": "kg",
      "url": "https://www.selver.ee/bucatini-bronzo-no6-delverde-500-g",
      "img": "https://www.selver.ee/img/450/440/resize/8/0/8006680040062.jpg",
      "store": "Selver",
      "is_sale": false
    },
    "Ditali Rigati, PALLANTE, 500 g": {
      "category": "Selver:Pasta",
      "entries": [
        {
          "t": "2026-01-19T23:06:30.489722",
          "p": 1.15
        }
      ],
      "latest_price": 1.15,
      "price_per_unit": 2.3,
      "unit_label": "kg",
      "url": "https://www.selver.ee/ditali-rigati-pallante-500-g",
      "img": "https://www.selver.ee/img/450/440/resize/8/0/8008857112541.jpg",
      "store": "Selver"
    },
    "Spaghetti, PALLANTE, 500 g": {
      "category": "Selver:Pasta",
      "entries": [
        {
          "t": "2026-01-19T23:06:30.489722",
          "p": 1.15
        }
      ],
      "latest_price": 1.15,
      "price_per_unit": 2.3,
      "unit_label": "kg",
      "url": "https://www.selver.ee/spaghetti-pallante-500-g",
      "img": "https://www.selver.ee/img/450/440/resize/8/0/8008857112190.jpg",
      "store": "Selver"
    },
    "Õlu Premium 24-kohver, A. LE COQ, 24 x 330 ml": {
      "category": "Selver:Lahja Alkohol",
      "entries": [
        {
          "t": "2026-01-19T23:06:30.489722",
          "p": 18.99
        }
      ],
      "latest_price": 18.99,
      "price_per_unit": 2.4,
      "unit_label": "L",
      "url": "https://www.selver.ee/olu-premium-24-kohver-a-le-coq-24-x-330-ml",
      "img": "https://www.selver.ee/img/450/440/resize/4/7/4740098091554.jpg",
      "store": "Selver",
      "is_sale": false
    },
    "Õlu Originaal 12-pakk, SAKU, 12 x 330 ml": {
      "category": "Selver:Lahja Alkohol",
      "entries": [
        {
          "t": "2026-01-19T23:06:30.489722",
          "p": 9.99
        }
      ],
      "latest_price": 9.99,
      "price_per_unit": 2.52,
      "unit_label": "L",
      "url": "https://www.selver.ee/olu-originaal-12-pakk-saku-12-x-330-ml",
      "img": "https://www.selver.ee/img/450/440/resize/4/7/4740019769463.jpg",
      "store": "Selver",
      "is_sale": false
    },
    "Hele õlu Pint 6-pakk, ALEXANDER, 6 x 568 ml purk": {
      "category": "Selver:Lahja Alkohol",
      "entries": [
        {
          "t": "2026-01-19T23:06:30.489722",
          "p": 11.49
        },
        {
          "t": "2026-01-27T10:31:51.707194",
          "p": 8.99
        }
      ],
      "latest_price": 8.99,
      "price_per_unit": 2.64,
      "unit_label": "L",
      "url": "https://www.selver.ee/hele-olu-pint-6-pakk-alexander-6-x-568-ml-purk",
      "img": "https://www.selver.ee/img/450/440/resize/4/7/4740098071969.jpg",
      "store": "Selver",
      "is_sale": false
    },
    "Hele õlu Karl Friedrich 6 -pakk, SAKU, 6 x 568 ml purk": {
      "category": "Selver:Lahja Alkohol",
      "entries": [
        {
          "t": "2026-01-19T23:06:30.489722",
          "p": 8.99
        },
        {
          "t": "2026-01-27T10:31:51.707194",
          "p": 11.49
        }
      ],
      "latest_price": 11.49,
      "price_per_unit": 3.37,
      "unit_label": "L",
      "url": "https://www.selver.ee/hele-olu-karl-friedrich-6-pakk-saku-6-x-568-ml-purk",
      "img": "https://www.selver.ee/img/450/440/resize/4/7/4740019501032.jpg",
      "store": "Selver",
      "is_sale": false
    },
    "Hele õlu Premium 6-pakk, A. LE COQ, 6 x 500 ml purk": {
      "category": "Selver:Lahja Alkohol",
      "entries": [
        {
          "t": "2026-01-19T23:06:30.489722",
          "p": 8.69
        },
        {
          "t": "2026-01-27T10:31:51.707194",
          "p": 10.05
        }
      ],
      "latest_price": 10.05,
      "price_per_unit": 3.35,
      "unit_label": "L",
      "url": "https://www.selver.ee/hele-olu-premium-6-pakk-a-le-coq-6-x-500-ml-purk",
      "img": "https://www.selver.ee/img/450/440/resize/4/7/4740098010562.jpg",
      "store": "Selver",
      "is_sale": false
    },
    "Õlu Klicek kohver, ZLATY, 24x330 ml": {
      "category": "Selver:Lahja Alkohol",
      "entries": [
        {
          "t": "2026-01-19T23:06:30.489722",
          "p": 17.99
        }
      ],
      "latest_price": 17.99,
      "price_per_unit": 2.27,
      "unit_label": "L",
      "url": "https://www.selver.ee/olu-klicek-kohver-zlaty-24x330-ml",
      "img": "https://www.selver.ee/img/450/440/resize/4/7/4740019769500.jpg",
      "store": "Selver",
      "is_sale": false
    },
    "Õlu Kuld 12-pakk, SAKU, 12 x 330 ml": {
      "category": "Selver:Lahja Alkohol",
      "entries": [
        {
          "t": "2026-01-19T23:06:30.489722",
          "p": 11.19
        }
      ],
      "latest_price": 11.19,
      "price_per_unit": 2.83,
      "unit_label": "L",
      "url": "https://www.selver.ee/olu-kuld-12-pakk-saku-12-x-330-ml",
      "img": "https://www.selver.ee/img/450/440/resize/4/7/4740019769470.jpg",
      "store": "Selver",
      "is_sale": false
    },
    "Õlu Corona Extra 6-pakk, 2,13 L": {
      "category": "Selver:Lahja Alkohol",
      "entries": [
        {
          "t": "2026-01-19T23:06:30.489722",
          "p": 10.99
        }
      ],
      "latest_price": 10.99,
      "price_per_unit": 5.16,
      "unit_label": "L",
      "url": "https://www.selver.ee/olu-corona-extra-6-pakk-2-13-l",
      "img": "https://www.selver.ee/img/450/440/resize/7/5/7501064191466.jpg",
      "store": "Selver",
      "is_sale": false
    },
    "Õlu Rock 6-pakk, SAKU, 6 x 568 ml purk": {
      "category": "Selver:Lahja Alkohol",
      "entries": [
        {
          "t": "2026-01-19T23:06:30.489722",
          "p": 10.79
        },
        {
          "t": "2026-01-27T10:31:51.707194",
          "p": 8.59
        }
      ],
      "latest_price": 8.59,
      "price_per_unit": 2.52,
      "unit_label": "L",
      "url": "https://www.selver.ee/olu-rock-6-pakk-saku-6-x-568-ml-purk",
      "img": "data:image/gif;base64,R0lGODlhAQABAIAAAAAAAP///yH5BAEAAAAALAAAAAABAAEAAAIBRAA7",
      "store": "Selver",
      "is_sale": false
    },
    "Õlu Premium Export 12-pakk, A. LE COQ, 12x330 ml": {
      "category": "Selver:Lahja Alkohol",
      "entries": [
        {
          "t": "2026-01-19T23:06:30.489722",
          "p": 9.99
        }
      ],
      "latest_price": 9.99,
      "price_per_unit": 2.52,
      "unit_label": "L",
      "url": "https://www.selver.ee/olu-premium-export-12-pakk-a-le-coq-12x330-ml",
      "img": "data:image/gif;base64,R0lGODlhAQABAIAAAAAAAP///yH5BAEAAAAALAAAAAABAAEAAAIBRAA7",
      "store": "Selver",
      "is_sale": false
    },
    "Õlu Tuulik, SAAREMAA, 500 ml purk": {
      "category": "Selver:Lahja Alkohol",
      "entries": [
        {
          "t": "2026-01-19T23:06:30.489722",
          "p": 1.49
        }
      ],
      "latest_price": 1.49,
      "price_per_unit": 2.98,
      "unit_label": "L",
      "url": "https://www.selver.ee/olu-tuulik-saaremaa-500-ml-purk",
      "img": "data:image/gif;base64,R0lGODlhAQABAIAAAAAAAP///yH5BAEAAAAALAAAAAABAAEAAAIBRAA7",
      "store": "Selver",
      "is_sale": false
    },
    "Õlu Original 6-pakk,HEINEKEN , 6 x 500 ml": {
      "category": "Selver:Lahja Alkohol",
      "entries": [
        {
          "t": "2026-01-19T23:06:30.489722",
          "p": 8.29
        }
      ],
      "latest_price": 8.29,
      "price_per_unit": 2.76,
      "unit_label": "L",
      "url": "https://www.selver.ee/olu-original-6-pakk-heineken-6-x-500-ml",
      "img": "data:image/gif;base64,R0lGODlhAQABAIAAAAAAAP///yH5BAEAAAAALAAAAAABAAEAAAIBRAA7",
      "store": "Selver",
      "is_sale": false
    },
    "Hele õlu Karl Friedrich, SAKU, 568 ml purk": {
      "category": "Selver:Lahja Alkohol",
      "entries": [
        {
          "t": "2026-01-19T23:06:30.489722",
          "p": 1.91
        }
      ],
      "latest_price": 1.91,
      "price_per_unit": 3.36,
      "unit_label": "L",
      "url": "https://www.selver.ee/hele-olu-karl-friedrich-saku-568-ml-purk",
      "img": "https://www.selver.ee/img/450/440/resize/4/7/4740019501025.jpg",
      "store": "Selver",
      "is_sale": false
    },
    "Hele õlu Alexander Pint, ALEXANDER, 568 ml purk": {
      "category": "Selver:Lahja Alkohol",
      "entries": [
        {
          "t": "2026-01-19T23:06:30.489722",
          "p": 1.92
        }
      ],
      "latest_price": 1.92,
      "price_per_unit": 3.38,
      "unit_label": "L",
      "url": "https://www.selver.ee/hele-olu-alexander-pint-alexander-568-ml-purk",
      "img": "https://www.selver.ee/img/450/440/resize/4/7/4740098017134.jpg",
      "store": "Selver",
      "is_sale": false
    },
    "Hele õlu Premium, A. LE COQ, 500 ml purk": {
      "category": "Selver:Lahja Alkohol",
      "entries": [
        {
          "t": "2026-01-19T23:06:30.489722",
          "p": 1.79
        }
      ],
      "latest_price": 1.79,
      "price_per_unit": 3.58,
      "unit_label": "L",
      "url": "https://www.selver.ee/hele-olu-premium-a-le-coq-500-ml-purk",
      "img": "https://www.selver.ee/img/450/440/resize/4/7/4740098010005.jpg",
      "store": "Selver",
      "is_sale": false
    },
    "Õlu Premium Select 12-kohver, A. LE COQ, 12 x 355 ml": {
      "category": "Selver:Lahja Alkohol",
      "entries": [
        {
          "t": "2026-01-19T23:06:30.489722",
          "p": 13.59
        }
      ],
      "latest_price": 13.59,
      "price_per_unit": 3.19,
      "unit_label": "L",
      "url": "https://www.selver.ee/olu-premium-select-12-kohver-a-le-coq-12-x-355-ml",
      "img": "https://www.selver.ee/img/450/440/resize/4/7/4740098094845.jpg",
      "store": "Selver",
      "is_sale": false
    },
    "Hele õlu Pilsner, SELVER, 500 ml pudel": {
      "category": "Selver:Lahja Alkohol",
      "entries": [
        {
          "t": "2026-01-19T23:06:30.489722",
          "p": 0.89
        }
      ],
      "latest_price": 0.89,
      "price_per_unit": 1.78,
      "unit_label": "L",
      "url": "https://www.selver.ee/hele-olu-pilsner-selver-500-ml-pudel",
      "img": "https://www.selver.ee/img/450/440/resize/4/7/4740098081050.jpg",
      "store": "Selver",
      "is_sale": false
    },
    "Õlu Saaremaa Tuulik 12-pakk, SAAREMAA TUULIK, 12x330 ml": {
      "category": "Selver:Lahja Alkohol",
      "entries": [
        {
          "t": "2026-01-19T23:06:30.489722",
          "p": 9.99
        }
      ],
      "latest_price": 9.99,
      "price_per_unit": 2.52,
      "unit_label": "L",
      "url": "https://www.selver.ee/olu-saaremaa-tuulik-12-pakk-saaremaa-tuulik-12x330-ml",
      "img": "https://www.selver.ee/img/450/440/resize/4/7/4740098001935.jpg",
      "store": "Selver",
      "is_sale": false
    },
    "Õlu Tuborg, 500 ml": {
      "category": "Selver:Lahja Alkohol",
      "entries": [
        {
          "t": "2026-01-19T23:06:30.489722",
          "p": 1.45
        }
      ],
      "latest_price": 1.45,
      "price_per_unit": 2.9,
      "unit_label": "L",
      "url": "https://www.selver.ee/olu-tuborg-500-ml",
      "img": "https://www.selver.ee/img/450/440/resize/4/7/4740019765793.jpg",
      "store": "Selver",
      "is_sale": false
    },
    "Õlu Originaal, SAKU, 500 ml purk": {
      "category": "Selver:Lahja Alkohol",
      "entries": [
        {
          "t": "2026-01-19T23:06:30.489722",
          "p": 1.78
        },
        {
          "t": "2026-01-27T10:31:51.707194",
          "p": 1.25
        }
      ],
      "latest_price": 1.25,
      "price_per_unit": 2.5,
      "unit_label": "L",
      "url": "https://www.selver.ee/olu-originaal-saku-500-ml-purk",
      "img": "https://www.selver.ee/img/450/440/resize/4/7/4740019766233.jpg",
      "store": "Selver",
      "is_sale": false
    },
    "Hele õlu Special Edition, SANDELS, 500 ml": {
      "category": "Selver:Lahja Alkohol",
      "entries": [
        {
          "t": "2026-01-19T23:06:30.489722",
          "p": 1.45
        }
      ],
      "latest_price": 1.45,
      "price_per_unit": 2.9,
      "unit_label": "L",
      "url": "https://www.selver.ee/hele-olu-special-edition-sandels-500-ml",
      "img": "https://www.selver.ee/img/450/440/resize/6/4/6419800153382.jpg",
      "store": "Selver",
      "is_sale": false
    },
    "Õlu Originaal 6-pakk, SAKU, 6 x 500 ml purk": {
      "category": "Selver:Lahja Alkohol",
      "entries": [
        {
          "t": "2026-01-19T23:06:30.489722",
          "p": 10.39
        }
      ],
      "latest_price": 10.39,
      "price_per_unit": 3.46,
      "unit_label": "L",
      "url": "https://www.selver.ee/olu-originaal-6-pakk-saku-6-x-500-ml-purk",
      "img": "https://www.selver.ee/img/450/440/resize/4/7/4740019766240.jpg",
      "store": "Selver",
      "is_sale": false
    },
    "Õlu Extra, CORONA, 355 ml pudel": {
      "category": "Selver:Lahja Alkohol",
      "entries": [
        {
          "t": "2026-01-19T23:06:30.489722",
          "p": 1.89
        }
      ],
      "latest_price": 1.89,
      "price_per_unit": 5.32,
      "unit_label": "L",
      "url": "https://www.selver.ee/olu-extra-corona-355-ml-pudel",
      "img": "https://www.selver.ee/img/450/440/resize/7/5/75013769.jpg",
      "store": "Selver",
      "is_sale": false
    },
    "Õlu Rock, SAKU, 568 ml purk": {
      "category": "Selver:Lahja Alkohol",
      "entries": [
        {
          "t": "2026-01-19T23:06:30.489722",
          "p": 1.49
        },
        {
          "t": "2026-01-27T10:31:51.707194",
          "p": 1.93
        }
      ],
      "latest_price": 1.93,
      "price_per_unit": 3.4,
      "unit_label": "L",
      "url": "https://www.selver.ee/olu-rock-saku-568-ml-purk",
      "img": "https://www.selver.ee/img/450/440/resize/4/7/4740019121087.jpg",
      "store": "Selver",
      "is_sale": false
    },
    "Hele õlu Premium 6-pakk, A. LE COQ, 6 x 500 ml pudel": {
      "category": "Selver:Lahja Alkohol",
      "entries": [
        {
          "t": "2026-01-19T23:06:30.489722",
          "p": 10.19
        }
      ],
      "latest_price": 10.19,
      "price_per_unit": 3.4,
      "unit_label": "L",
      "url": "https://www.selver.ee/hele-olu-premium-6-pakk-a-le-coq-6-x-500-ml-pudel",
      "img": "https://www.selver.ee/img/450/440/resize/4/7/4740098078616.jpg",
      "store": "Selver",
      "is_sale": false
    },
    "Long Drink Original, HARTWALL, 330 ml purk": {
      "category": "Selver:Lahja Alkohol",
      "entries": [
        {
          "t": "2026-01-19T23:06:30.489722",
          "p": 1.59
        }
      ],
      "latest_price": 1.59,
      "price_per_unit": 4.82,
      "unit_label": "L",
      "url": "https://www.selver.ee/long-drink-original-hartwall-330-ml-purk",
      "img": "https://www.selver.ee/img/450/440/resize/6/4/6413600055907.jpg",
      "store": "Selver",
      "is_sale": false
    },
    "Kerge IPA, TANKER, 500 ml": {
      "category": "Selver:Lahja Alkohol",
      "entries": [
        {
          "t": "2026-01-19T23:06:30.489722",
          "p": 1.82
        }
      ],
      "latest_price": 1.82,
      "price_per_unit": 3.64,
      "unit_label": "L",
      "url": "https://www.selver.ee/kerge-ipa-tanker-500-ml",
      "img": "https://www.selver.ee/img/450/440/resize/4/7/4744136010491.jpg",
      "store": "Selver",
      "is_sale": false
    },
    "Õlu Blanc 1664, KRONENBOURG, 6x500 ml": {
      "category": "Selver:Lahja Alkohol",
      "entries": [
        {
          "t": "2026-01-19T23:06:30.489722",
          "p": 12.99
        }
      ],
      "latest_price": 12.99,
      "price_per_unit": 4.33,
      "unit_label": "L",
      "url": "https://www.selver.ee/olu-blanc-1664-kronenbourg-6x500-ml",
      "img": "https://www.selver.ee/img/450/440/resize/4/7/4740019782417.jpg",
      "store": "Selver",
      "is_sale": false
    },
    "Õlu Premium, A. LE COQ, 330 ml purk": {
      "category": "Selver:Lahja Alkohol",
      "entries": [
        {
          "t": "2026-01-19T23:06:30.489722",
          "p": 0.89
        }
      ],
      "latest_price": 0.89,
      "price_per_unit": 2.7,
      "unit_label": "L",
      "url": "https://www.selver.ee/olu-premium-a-le-coq-330-ml-purk",
      "img": "https://www.selver.ee/img/450/440/resize/4/7/4740098091547.jpg",
      "store": "Selver",
      "is_sale": false
    },
    "Hele õlu Pilsner, SELVER, 2 L": {
      "category": "Selver:Lahja Alkohol",
      "entries": [
        {
          "t": "2026-01-19T23:06:30.489722",
          "p": 3.39
        }
      ],
      "latest_price": 3.39,
      "price_per_unit": 1.7,
      "unit_label": "L",
      "url": "https://www.selver.ee/hele-olu-pilsner-selver-2-l",
      "img": "https://www.selver.ee/img/450/440/resize/4/7/4740098088578.jpg",
      "store": "Selver",
      "is_sale": false
    },
    "Õlu Blanc, KRONENBURG 1664, 500 ml purk": {
      "category": "Selver:Lahja Alkohol",
      "entries": [
        {
          "t": "2026-01-19T23:06:30.489722",
          "p": 2.22
        }
      ],
      "latest_price": 2.22,
      "price_per_unit": 4.44,
      "unit_label": "L",
      "url": "https://www.selver.ee/olu-blanc-kronenburg-1664-500-ml-purk",
      "img": "https://www.selver.ee/img/450/440/resize/4/7/4770349231361.jpg",
      "store": "Selver",
      "is_sale": false
    },
    "Õlu Pilsner 6-pakk, A. LE COQ, 6 x 500ml": {
      "category": "Selver:Lahja Alkohol",
      "entries": [
        {
          "t": "2026-01-19T23:06:30.489722",
          "p": 9.25
        }
      ],
      "latest_price": 9.25,
      "price_per_unit": 3.08,
      "unit_label": "L",
      "url": "https://www.selver.ee/olu-pilsner-6-pakk-a-le-coq-6-x-500ml",
      "img": "https://www.selver.ee/img/450/440/resize/4/7/4740098090755.jpg",
      "store": "Selver",
      "is_sale": false
    },
    "Hele õlu Saku On Ice, SAKU, 330 ml pudel": {
      "category": "Selver:Lahja Alkohol",
      "entries": [
        {
          "t": "2026-01-19T23:06:30.489722",
          "p": 1.47
        },
        {
          "t": "2026-01-27T10:31:51.707194",
          "p": 1.19
        }
      ],
      "latest_price": 1.19,
      "price_per_unit": 3.61,
      "unit_label": "L",
      "url": "https://www.selver.ee/hele-olu-saku-on-ice-saku-330-ml-pudel",
      "img": "data:image/gif;base64,R0lGODlhAQABAIAAAAAAAP///yH5BAEAAAAALAAAAAABAAEAAAIBRAA7",
      "store": "Selver",
      "is_sale": false
    },
    "Long drink Strong, HARTWALL, 330 ml purk": {
      "category": "Selver:Lahja Alkohol",
      "entries": [
        {
          "t": "2026-01-19T23:06:30.489722",
          "p": 1.75
        },
        {
          "t": "2026-01-27T10:31:51.707194",
          "p": 2.23
        }
      ],
      "latest_price": 2.23,
      "price_per_unit": 6.76,
      "unit_label": "L",
      "url": "https://www.selver.ee/long-drink-strong-hartwall-330-ml-purk",
      "img": "data:image/gif;base64,R0lGODlhAQABAIAAAAAAAP///yH5BAEAAAAALAAAAAABAAEAAAIBRAA7",
      "store": "Selver",
      "is_sale": false
    },
    "Õlu Pilsner Urquell, PILSNER URQUELL, 500 ml purk": {
      "category": "Selver:Lahja Alkohol",
      "entries": [
        {
          "t": "2026-01-19T23:06:30.489722",
          "p": 2.69
        }
      ],
      "latest_price": 2.69,
      "price_per_unit": 5.38,
      "unit_label": "L",
      "url": "https://www.selver.ee/olu-pilsner-urquell-pilsner-urquell-500-ml-purk",
      "img": "data:image/gif;base64,R0lGODlhAQABAIAAAAAAAP///yH5BAEAAAAALAAAAAABAAEAAAIBRAA7",
      "store": "Selver",
      "is_sale": false
    },
    "Õlu Select Lager, TANKER, 500 ml": {
      "category": "Selver:Lahja Alkohol",
      "entries": [
        {
          "t": "2026-01-19T23:06:30.489722",
          "p": 1.39
        }
      ],
      "latest_price": 1.39,
      "price_per_unit": 2.78,
      "unit_label": "L",
      "url": "https://www.selver.ee/olu-select-lager-tanker-500-ml",
      "img": "data:image/gif;base64,R0lGODlhAQABAIAAAAAAAP///yH5BAEAAAAALAAAAAABAAEAAAIBRAA7",
      "store": "Selver",
      "is_sale": false
    },
    "Long drink Grapefruit, SINEBRYCHOFF, 500 ml purk": {
      "category": "Selver:Lahja Alkohol",
      "entries": [
        {
          "t": "2026-01-19T23:06:30.489722",
          "p": 1.65
        },
        {
          "t": "2026-01-27T10:31:51.707194",
          "p": 2.02
        }
      ],
      "latest_price": 2.02,
      "price_per_unit": 4.04,
      "unit_label": "L",
      "url": "https://www.selver.ee/long-drink-grapefruit-sinebrychoff-500-ml-purk",
      "img": "https://www.selver.ee/img/450/440/resize/4/7/4740019016253.jpg",
      "store": "Selver",
      "is_sale": false
    },
    "Long drink, HOGGY´S, 500 ml purk": {
      "category": "Selver:Lahja Alkohol",
      "entries": [
        {
          "t": "2026-01-19T23:06:30.489722",
          "p": 2.25
        }
      ],
      "latest_price": 2.25,
      "price_per_unit": 4.5,
      "unit_label": "L",
      "url": "https://www.selver.ee/long-drink-hoggy-s-500-ml-purk",
      "img": "https://www.selver.ee/img/450/440/resize/4/7/4740098090366.jpg",
      "store": "Selver",
      "is_sale": false
    },
    "Õllekokteil Saku On Ice Citrus, SAKU, 330 ml pudel": {
      "category": "Selver:Lahja Alkohol",
      "entries": [
        {
          "t": "2026-01-19T23:06:30.489722",
          "p": 1.47
        },
        {
          "t": "2026-01-27T10:31:51.707194",
          "p": 1.19
        }
      ],
      "latest_price": 1.19,
      "price_per_unit": 3.61,
      "unit_label": "L",
      "url": "https://www.selver.ee/ollekokteil-saku-on-ice-citrus-saku-330-ml-pudel",
      "img": "https://www.selver.ee/img/450/440/resize/4/7/4740019764963.jpg",
      "store": "Selver",
      "is_sale": false
    },
    "Tume õlu Jõuluporter 4-pakk, A. LE COQ, 4 x 500 ml pudel": {
      "category": "Selver:Lahja Alkohol",
      "entries": [
        {
          "t": "2026-01-19T23:06:30.489722",
          "p": 10.19
        }
      ],
      "latest_price": 10.19,
      "price_per_unit": 5.1,
      "unit_label": "L",
      "url": "https://www.selver.ee/tume-olu-jouluporter-4-pakk-a-le-coq-4-x-500-ml-pudel",
      "img": "https://www.selver.ee/img/450/440/resize/4/7/4740098072478.jpg",
      "store": "Selver"
    },
    "Õllekokteil Saku On Ice Granaatõun, SAKU, 330 ml pudel": {
      "category": "Selver:Lahja Alkohol",
      "entries": [
        {
          "t": "2026-01-19T23:06:30.489722",
          "p": 1.47
        },
        {
          "t": "2026-01-27T10:31:51.707194",
          "p": 1.19
        }
      ],
      "latest_price": 1.19,
      "price_per_unit": 3.61,
      "unit_label": "L",
      "url": "https://www.selver.ee/ollekokteil-saku-on-ice-granaatoun-saku-330-ml-pudel",
      "img": "https://www.selver.ee/img/450/440/resize/4/7/4740019764970.jpg",
      "store": "Selver",
      "is_sale": false
    },
    "On Ice purk kohver, SAKU ON ICE, 12x330 ml purk": {
      "category": "Selver:Lahja Alkohol",
      "entries": [
        {
          "t": "2026-01-19T23:06:30.489722",
          "p": 12.25
        }
      ],
      "latest_price": 12.25,
      "price_per_unit": 3.09,
      "unit_label": "L",
      "url": "https://www.selver.ee/on-ice-purk-kohver-saku-on-ice-12x330-ml-purk",
      "img": "https://www.selver.ee/img/450/440/resize/4/7/4740019503005.jpg",
      "store": "Selver",
      "is_sale": false
    },
    "Hele õlu, A. LE COQ, 500 ml purk": {
      "category": "Selver:Lahja Alkohol",
      "entries": [
        {
          "t": "2026-01-19T23:06:30.489722",
          "p": 1.43
        }
      ],
      "latest_price": 1.43,
      "price_per_unit": 2.86,
      "unit_label": "L",
      "url": "https://www.selver.ee/hele-olu-a-le-coq-500-ml-purk",
      "img": "https://www.selver.ee/img/450/440/resize/4/7/4740098082651.jpg",
      "store": "Selver",
      "is_sale": false
    },
    "Hele õlu Danish Pilsner, CARLSBERG, 500 ml purk": {
      "category": "Selver:Lahja Alkohol",
      "entries": [
        {
          "t": "2026-01-19T23:06:30.489722",
          "p": 1.39
        },
        {
          "t": "2026-01-27T10:31:51.707194",
          "p": 2.05
        }
      ],
      "latest_price": 2.05,
      "price_per_unit": 4.1,
      "unit_label": "L",
      "url": "https://www.selver.ee/hele-olu-danish-pilsner-carlsberg-500-ml-purk",
      "img": "https://www.selver.ee/img/450/440/resize/4/7/4770075447821.jpg",
      "store": "Selver",
      "is_sale": false
    },
    "Hele õlu Alexander, ALEXANDER, 500 ml pudel": {
      "category": "Selver:Lahja Alkohol",
      "entries": [
        {
          "t": "2026-01-19T23:06:30.489722",
          "p": 1.71
        }
      ],
      "latest_price": 1.71,
      "price_per_unit": 3.42,
      "unit_label": "L",
      "url": "https://www.selver.ee/hele-olu-alexander-alexander-500-ml-pudel",
      "img": "https://www.selver.ee/img/450/440/resize/4/7/4740098010074.jpg",
      "store": "Selver",
      "is_sale": false
    },
    "Long Drink Grapefruit, A.LE COQ, 500 ml": {
      "category": "Selver:Lahja Alkohol",
      "entries": [
        {
          "t": "2026-01-19T23:06:30.489722",
          "p": 1.98
        }
      ],
      "latest_price": 1.98,
      "price_per_unit": 3.96,
      "unit_label": "L",
      "url": "https://www.selver.ee/long-drink-grapefruit-a-le-coq-500-ml",
      "img": "https://www.selver.ee/img/450/440/resize/4/7/4740098076643.jpg",
      "store": "Selver",
      "is_sale": false
    },
    "Hele õlu Lager Beer, HEINEKEN, 500 ml purk": {
      "category": "Selver:Lahja Alkohol",
      "entries": [
        {
          "t": "2026-01-19T23:06:30.489722",
          "p": 1.94
        }
      ],
      "latest_price": 1.94,
      "price_per_unit": 3.88,
      "unit_label": "L",
      "url": "https://www.selver.ee/hele-olu-lager-beer-heineken-500-ml-purk",
      "img": "https://www.selver.ee/img/450/440/resize/4/7/4744136011542.jpg",
      "store": "Selver",
      "is_sale": false
    },
    "Õlu Blond, LEFFE, 500 ml purk": {
      "category": "Selver:Lahja Alkohol",
      "entries": [
        {
          "t": "2026-01-19T23:06:30.489722",
          "p": 2.82
        }
      ],
      "latest_price": 2.82,
      "price_per_unit": 5.64,
      "unit_label": "L",
      "url": "https://www.selver.ee/olu-blond-leffe-500-ml-purk",
      "img": "https://www.selver.ee/img/450/440/resize/5/4/5410228222941.jpg",
      "store": "Selver",
      "is_sale": false
    },
    "Hele õlu Premium, A. LE COQ, 500 ml pudel": {
      "category": "Selver:Lahja Alkohol",
      "entries": [
        {
          "t": "2026-01-19T23:06:30.489722",
          "p": 1.81
        }
      ],
      "latest_price": 1.81,
      "price_per_unit": 3.62,
      "unit_label": "L",
      "url": "https://www.selver.ee/hele-olu-premium-a-le-coq-500-ml-pudel",
      "img": "https://www.selver.ee/img/450/440/resize/4/7/4740098076490.jpg",
      "store": "Selver",
      "is_sale": false
    },
    "Õlu Rock Hopper, ROCK, 568 ml": {
      "category": "Selver:Lahja Alkohol",
      "entries": [
        {
          "t": "2026-01-19T23:06:30.489722",
          "p": 1.59
        },
        {
          "t": "2026-01-27T10:31:51.707194",
          "p": 1.93
        }
      ],
      "latest_price": 1.93,
      "price_per_unit": 3.4,
      "unit_label": "L",
      "url": "https://www.selver.ee/olu-rock-hopper-rock-568-ml",
      "img": "https://www.selver.ee/img/450/440/resize/4/7/4740019002485.jpg",
      "store": "Selver",
      "is_sale": false
    },
    "Karl Friedrich Starkbier, KARL FRIEDRICH, 568 ml purk": {
      "category": "Selver:Lahja Alkohol",
      "entries": [
        {
          "t": "2026-01-19T23:06:30.489722",
          "p": 2.01
        }
      ],
      "latest_price": 2.01,
      "price_per_unit": 3.54,
      "unit_label": "L",
      "url": "https://www.selver.ee/karl-friedrich-starkbier-karl-friedrich-568-ml-purk",
      "img": "https://www.selver.ee/img/450/440/resize/4/7/4740019003956.jpg",
      "store": "Selver",
      "is_sale": false
    },
    "Hele õlu Alexander 6-pakk, ALEXANDER, 6 x 500 ml pudel": {
      "category": "Selver:Lahja Alkohol",
      "entries": [
        {
          "t": "2026-01-19T23:06:30.489722",
          "p": 9.49
        }
      ],
      "latest_price": 9.49,
      "price_per_unit": 3.16,
      "unit_label": "L",
      "url": "https://www.selver.ee/hele-olu-alexander-6-pakk-alexander-6-x-500-ml-pudel",
      "img": "https://www.selver.ee/img/450/440/resize/4/7/4740098078678.jpg",
      "store": "Selver",
      "is_sale": false
    },
    "Long drink Gin & Orange, HARTWALL, 330 ml purk": {
      "category": "Selver:Lahja Alkohol",
      "entries": [
        {
          "t": "2026-01-19T23:06:30.489722",
          "p": 1.82
        }
      ],
      "latest_price": 1.82,
      "price_per_unit": 5.52,
      "unit_label": "L",
      "url": "https://www.selver.ee/long-drink-gin-orange-hartwall-330-ml-purk",
      "img": "https://www.selver.ee/img/450/440/resize/4/7/4741337001808.jpg",
      "store": "Selver",
      "is_sale": false
    },
    "Hele õlu Green 6-pakk, TUBORG, 6x330 ml pudel": {
      "category": "Selver:Lahja Alkohol",
      "entries": [
        {
          "t": "2026-01-19T23:06:30.489722",
          "p": 8.75
        }
      ],
      "latest_price": 8.75,
      "price_per_unit": 4.42,
      "unit_label": "L",
      "url": "https://www.selver.ee/hele-olu-green-6-pakk-tuborg-6x330-ml-pudel",
      "img": "https://www.selver.ee/img/450/440/resize/4/7/4740019122473.jpg",
      "store": "Selver",
      "is_sale": false
    },
    "Õlu Saku On Ice 6-pakk, SAKU, 6 x 330 ml": {
      "category": "Selver:Lahja Alkohol",
      "entries": [
        {
          "t": "2026-01-19T23:06:30.489722",
          "p": 6.99
        },
        {
          "t": "2026-01-27T10:31:51.707194",
          "p": 8.35
        }
      ],
      "latest_price": 8.35,
      "price_per_unit": 4.22,
      "unit_label": "L",
      "url": "https://www.selver.ee/olu-saku-on-ice-6-pakk-saku-6-x-330-ml",
      "img": "https://www.selver.ee/img/450/440/resize/4/7/4740019767650.jpg",
      "store": "Selver",
      "is_sale": false
    },
    "Hele õlu Kange, SELVER, 2 L": {
      "category": "Selver:Lahja Alkohol",
      "entries": [
        {
          "t": "2026-01-19T23:06:30.489722",
          "p": 4.49
        }
      ],
      "latest_price": 4.49,
      "price_per_unit": 2.25,
      "unit_label": "L",
      "url": "https://www.selver.ee/hele-olu-kange-selver-2-l",
      "img": "https://www.selver.ee/img/450/440/resize/4/7/4740098088790.jpg",
      "store": "Selver",
      "is_sale": false
    },
    "Long Drink Grapefruit, G:N, 500 ml purk": {
      "category": "Selver:Lahja Alkohol",
      "entries": [
        {
          "t": "2026-01-19T23:06:30.489722",
          "p": 1.75
        },
        {
          "t": "2026-01-27T10:31:51.707194",
          "p": 2.09
        }
      ],
      "latest_price": 2.09,
      "price_per_unit": 4.18,
      "unit_label": "L",
      "url": "https://www.selver.ee/long-drink-grapefruit-g-n-500-ml-purk",
      "img": "https://www.selver.ee/img/450/440/resize/4/7/4740098079026.jpg",
      "store": "Selver",
      "is_sale": false
    },
    "Hele õlu Original, BUDWEISER, 500 ml pudel": {
      "category": "Selver:Lahja Alkohol",
      "entries": [
        {
          "t": "2026-01-19T23:06:30.489722",
          "p": 2.73
        }
      ],
      "latest_price": 2.73,
      "price_per_unit": 5.46,
      "unit_label": "L",
      "url": "https://www.selver.ee/hele-olu-original-budweiser-500-ml-pudel",
      "img": "data:image/gif;base64,R0lGODlhAQABAIAAAAAAAP///yH5BAEAAAAALAAAAAABAAEAAAIBRAA7",
      "store": "Selver",
      "is_sale": false
    },
    "Saku Originaal 6-pakk, SAKU, 6x500 ml": {
      "category": "Selver:Lahja Alkohol",
      "entries": [
        {
          "t": "2026-01-19T23:06:30.489722",
          "p": 10.39
        }
      ],
      "latest_price": 10.39,
      "price_per_unit": 3.46,
      "unit_label": "L",
      "url": "https://www.selver.ee/saku-originaal-6-pakk-saku-6x500-ml",
      "img": "data:image/gif;base64,R0lGODlhAQABAIAAAAAAAP///yH5BAEAAAAALAAAAAABAAEAAAIBRAA7",
      "store": "Selver",
      "is_sale": false
    },
    "Muu alk.jook Hard lemon, GARAGE, 275 ml": {
      "category": "Selver:Lahja Alkohol",
      "entries": [
        {
          "t": "2026-01-19T23:06:30.489722",
          "p": 1.25
        }
      ],
      "latest_price": 1.25,
      "price_per_unit": 4.55,
      "unit_label": "L",
      "url": "https://www.selver.ee/muu-alk-jook-hard-lemon-garage-275-ml",
      "img": "data:image/gif;base64,R0lGODlhAQABAIAAAAAAAP///yH5BAEAAAAALAAAAAABAAEAAAIBRAA7",
      "store": "Selver"
    },
    "Õlu Premium Fest, A. LE COQ PREMIUM, 4x275 ml": {
      "category": "Selver:Lahja Alkohol",
      "entries": [
        {
          "t": "2026-01-19T23:06:30.489722",
          "p": 3.69
        }
      ],
      "latest_price": 3.69,
      "price_per_unit": 3.35,
      "unit_label": "L",
      "url": "https://www.selver.ee/olu-premium-fest-a-le-coq-premium-4x275-ml",
      "img": "data:image/gif;base64,R0lGODlhAQABAIAAAAAAAP///yH5BAEAAAAALAAAAAABAAEAAAIBRAA7",
      "store": "Selver",
      "is_sale": false
    },
    "Long Drink Tropical, A. LE COQ, 330 ml": {
      "category": "Selver:Lahja Alkohol",
      "entries": [
        {
          "t": "2026-01-19T23:06:30.489722",
          "p": 1.67
        }
      ],
      "latest_price": 1.67,
      "price_per_unit": 5.06,
      "unit_label": "L",
      "url": "https://www.selver.ee/long-drink-tropical-a-le-coq-330-ml",
      "img": "data:image/gif;base64,R0lGODlhAQABAIAAAAAAAP///yH5BAEAAAAALAAAAAABAAEAAAIBRAA7",
      "store": "Selver",
      "is_sale": false
    },
    "Siider Hard Cider, HOGGY`S, 500 ml purk": {
      "category": "Selver:Lahja Alkohol",
      "entries": [
        {
          "t": "2026-01-19T23:06:30.489722",
          "p": 2.02
        }
      ],
      "latest_price": 2.02,
      "price_per_unit": 4.04,
      "unit_label": "L",
      "url": "https://www.selver.ee/siider-hard-cider-hoggy-s-500-ml-purk",
      "img": "https://www.selver.ee/img/450/440/resize/4/7/4740098097402.jpg",
      "store": "Selver",
      "is_sale": false
    },
    "Tume õlu Dunkel, ALEXANDER, 568 ml purk": {
      "category": "Selver:Lahja Alkohol",
      "entries": [
        {
          "t": "2026-01-19T23:06:30.489722",
          "p": 1.92
        }
      ],
      "latest_price": 1.92,
      "price_per_unit": 3.38,
      "unit_label": "L",
      "url": "https://www.selver.ee/tume-olu-dunkel-alexander-568-ml-purk",
      "img": "https://www.selver.ee/img/450/440/resize/4/7/4740098081234.jpg",
      "store": "Selver",
      "is_sale": false
    },
    "Hele õlu Kuld 6-pakk, SAKU, 6x500 ml purk": {
      "category": "Selver:Lahja Alkohol",
      "entries": [
        {
          "t": "2026-01-19T23:06:30.489722",
          "p": 11.45
        }
      ],
      "latest_price": 11.45,
      "price_per_unit": 3.82,
      "unit_label": "L",
      "url": "https://www.selver.ee/hele-olu-kuld-6-pakk-saku-6x500-ml-purk",
      "img": "https://www.selver.ee/img/450/440/resize/4/7/4740019763942.jpg",
      "store": "Selver",
      "is_sale": false
    },
    "Long drink Grapefruit, G:N, 1,5 L pet": {
      "category": "Selver:Lahja Alkohol",
      "entries": [
        {
          "t": "2026-01-19T23:06:30.489722",
          "p": 4.72
        },
        {
          "t": "2026-01-27T10:31:51.707194",
          "p": 3.99
        }
      ],
      "latest_price": 3.99,
      "price_per_unit": 2.66,
      "unit_label": "L",
      "url": "https://www.selver.ee/long-drink-grapefruit-g-n-1-5-l-pet",
      "img": "https://www.selver.ee/img/450/440/resize/4/7/4740098079088.jpg",
      "store": "Selver",
      "is_sale": false
    },
    "Kirsi-Martsipani Tume õlu, SAKU, 500 ml": {
      "category": "Selver:Lahja Alkohol",
      "entries": [
        {
          "t": "2026-01-19T23:06:30.489722",
          "p": 2.1
        }
      ],
      "latest_price": 2.1,
      "price_per_unit": 4.2,
      "unit_label": "L",
      "url": "https://www.selver.ee/kirsi-martsipani-tume-olu-saku-500-ml",
      "img": "https://www.selver.ee/img/450/440/resize/4/7/4740019782332.jpg",
      "store": "Selver",
      "is_sale": false
    },
    "Long drink Grapefruit, SINEBRYCHOFF, 500 ml": {
      "category": "Selver:Lahja Alkohol",
      "entries": [
        {
          "t": "2026-01-19T23:06:30.489722",
          "p": 1.75
        }
      ],
      "latest_price": 1.75,
      "price_per_unit": 3.5,
      "unit_label": "L",
      "url": "https://www.selver.ee/long-drink-grapefruit-sinebrychoff-500-ml",
      "img": "https://www.selver.ee/img/450/440/resize/4/7/4740019502954.jpg",
      "store": "Selver",
      "is_sale": false
    },
    "Õlu Kozel Premium,VELKOPOPOVICKY, 500 ml purk": {
      "category": "Selver:Lahja Alkohol",
      "entries": [
        {
          "t": "2026-01-19T23:06:30.489722",
          "p": 2.4
        }
      ],
      "latest_price": 2.4,
      "price_per_unit": 4.8,
      "unit_label": "L",
      "url": "https://www.selver.ee/olu-kozel-premium-velkopopovicky-500-ml-purk",
      "img": "https://www.selver.ee/img/450/440/resize/4/7/4744485010906.jpg",
      "store": "Selver",
      "is_sale": false
    },
    "Saku Mõdu, SAKU, 500 ml pudel": {
      "category": "Selver:Lahja Alkohol",
      "entries": [
        {
          "t": "2026-01-19T23:06:30.489722",
          "p": 1.95
        }
      ],
      "latest_price": 1.95,
      "price_per_unit": 3.9,
      "unit_label": "L",
      "url": "https://www.selver.ee/saku-modu-saku-500-ml-pudel",
      "img": "https://www.selver.ee/img/450/440/resize/4/7/4740019015836.jpg",
      "store": "Selver",
      "is_sale": false
    },
    "Hele õlu Special, A. LE COQ, 500 ml pudel": {
      "category": "Selver:Lahja Alkohol",
      "entries": [
        {
          "t": "2026-01-19T23:06:30.489722",
          "p": 1.87
        }
      ],
      "latest_price": 1.87,
      "price_per_unit": 3.74,
      "unit_label": "L",
      "url": "https://www.selver.ee/hele-olu-special-a-le-coq-500-ml-pudel",
      "img": "https://www.selver.ee/img/450/440/resize/4/7/4740098076636.jpg",
      "store": "Selver",
      "is_sale": false
    },
    "Hele õlu, PILSNER URQUELL, 500 ml pudel": {
      "category": "Selver:Lahja Alkohol",
      "entries": [
        {
          "t": "2026-01-19T23:06:30.489722",
          "p": 2.79
        }
      ],
      "latest_price": 2.79,
      "price_per_unit": 5.58,
      "unit_label": "L",
      "url": "https://www.selver.ee/hele-olu-pilsner-urquell-500-ml-pudel",
      "img": "https://www.selver.ee/img/450/440/resize/8/5/8594404110110.jpg",
      "store": "Selver",
      "is_sale": false
    },
    "Kirsiõlu, SAKU, 500 ml": {
      "category": "Selver:Lahja Alkohol",
      "entries": [
        {
          "t": "2026-01-19T23:06:30.489722",
          "p": 1.85
        }
      ],
      "latest_price": 1.85,
      "price_per_unit": 3.7,
      "unit_label": "L",
      "url": "https://www.selver.ee/kirsiolu-saku-500-ml",
      "img": "https://www.selver.ee/img/450/440/resize/4/7/4740019003567.jpg",
      "store": "Selver",
      "is_sale": false
    },
    "Hele õlu Double Bock, A. LE COQ, 500 ml pudel": {
      "category": "Selver:Lahja Alkohol",
      "entries": [
        {
          "t": "2026-01-19T23:06:30.489722",
          "p": 1.89
        }
      ],
      "latest_price": 1.89,
      "price_per_unit": 3.78,
      "unit_label": "L",
      "url": "https://www.selver.ee/hele-olu-double-bock-a-le-coq-500-ml-pudel",
      "img": "https://www.selver.ee/img/450/440/resize/4/7/4740098072096.jpg",
      "store": "Selver",
      "is_sale": false
    },
    "Õlu, LAPIN KULTA, 500 ml purk": {
      "category": "Selver:Lahja Alkohol",
      "entries": [
        {
          "t": "2026-01-19T23:06:30.489722",
          "p": 1.72
        }
      ],
      "latest_price": 1.72,
      "price_per_unit": 3.44,
      "unit_label": "L",
      "url": "https://www.selver.ee/olu-lapin-kulta-500-ml-purk",
      "img": "https://www.selver.ee/img/450/440/resize/6/4/6413600091233.jpg",
      "store": "Selver",
      "is_sale": false
    },
    "Hele õlu Rock, SAKU, 500 ml pudel": {
      "category": "Selver:Lahja Alkohol",
      "entries": [
        {
          "t": "2026-01-19T23:06:30.489722",
          "p": 1.55
        }
      ],
      "latest_price": 1.55,
      "price_per_unit": 3.1,
      "unit_label": "L",
      "url": "https://www.selver.ee/hele-olu-rock-saku-500-ml-pudel",
      "img": "https://www.selver.ee/img/450/440/resize/4/7/4740019001723.jpg",
      "store": "Selver",
      "is_sale": false
    },
    "Kokteilijook Hard Lemon, GARAGE, 500ml": {
      "category": "Selver:Lahja Alkohol",
      "entries": [
        {
          "t": "2026-01-19T23:06:30.489722",
          "p": 2.21
        }
      ],
      "latest_price": 2.21,
      "price_per_unit": 4.42,
      "unit_label": "L",
      "url": "https://www.selver.ee/kokteilijook-hard-lemon-garage-500ml",
      "img": "https://www.selver.ee/img/450/440/resize/4/7/4750049002843.jpg",
      "store": "Selver",
      "is_sale": false
    },
    "Õlu Põhjala Laager, PÕHJALA, 440 ml": {
      "category": "Selver:Lahja Alkohol",
      "entries": [
        {
          "t": "2026-01-19T23:06:30.489722",
          "p": 2.29
        },
        {
          "t": "2026-01-27T10:31:51.707194",
          "p": 1.79
        }
      ],
      "latest_price": 1.79,
      "price_per_unit": 4.07,
      "unit_label": "L",
      "url": "https://www.selver.ee/olu-pohjala-laager-pohjala-440-ml",
      "img": "https://www.selver.ee/img/450/440/resize/4/7/4742976014082.jpg",
      "store": "Selver",
      "is_sale": false
    },
    "Long drink Turbo, G:N, 500 ml": {
      "category": "Selver:Lahja Alkohol",
      "entries": [
        {
          "t": "2026-01-19T23:06:30.489722",
          "p": 1.75
        }
      ],
      "latest_price": 1.75,
      "price_per_unit": 3.5,
      "unit_label": "L",
      "url": "https://www.selver.ee/long-drink-turbo-g-n-500-ml",
      "img": "https://www.selver.ee/img/450/440/resize/4/7/4740098002338.jpg",
      "store": "Selver"
    },
    "Tume õlu Taar, SAARE , 500 ml purk": {
      "category": "Selver:Lahja Alkohol",
      "entries": [
        {
          "t": "2026-01-19T23:06:30.489722",
          "p": 1.71
        }
      ],
      "latest_price": 1.71,
      "price_per_unit": 3.42,
      "unit_label": "L",
      "url": "https://www.selver.ee/tume-olu-taar-saare-500-ml-purk",
      "img": "https://www.selver.ee/img/450/440/resize/4/7/4740098092155.jpg",
      "store": "Selver",
      "is_sale": false
    },
    "Õlu Hele, SAKU, 500 ml pudel": {
      "category": "Selver:Lahja Alkohol",
      "entries": [
        {
          "t": "2026-01-19T23:06:30.489722",
          "p": 1.82
        }
      ],
      "latest_price": 1.82,
      "price_per_unit": 3.64,
      "unit_label": "L",
      "url": "https://www.selver.ee/olu-hele-saku-500-ml-pudel",
      "img": "https://www.selver.ee/img/450/440/resize/4/7/4740019015775.jpg",
      "store": "Selver",
      "is_sale": false
    },
    "Õlu filtreerimata, ALEXANDER, 568 ml": {
      "category": "Selver:Lahja Alkohol",
      "entries": [
        {
          "t": "2026-01-19T23:06:30.489722",
          "p": 1.92
        }
      ],
      "latest_price": 1.92,
      "price_per_unit": 3.38,
      "unit_label": "L",
      "url": "https://www.selver.ee/olu-filtreerimata-alexander-568-ml",
      "img": "https://www.selver.ee/img/450/440/resize/4/7/4740098092179.jpg",
      "store": "Selver",
      "is_sale": false
    },
    "Koff Mango, KOFF, 330 ml": {
      "category": "Selver:Lahja Alkohol",
      "entries": [
        {
          "t": "2026-01-19T23:06:30.489722",
          "p": 1.63
        }
      ],
      "latest_price": 1.63,
      "price_per_unit": 4.94,
      "unit_label": "L",
      "url": "https://www.selver.ee/koff-mango-koff-330-ml",
      "img": "https://www.selver.ee/img/450/440/resize/4/7/4740019005660.jpg",
      "store": "Selver",
      "is_sale": false
    },
    "Siider Dry Apple, HOGGY'S, 355 ml": {
      "category": "Selver:Lahja Alkohol",
      "entries": [
        {
          "t": "2026-01-19T23:06:30.489722",
          "p": 1.57
        }
      ],
      "latest_price": 1.57,
      "price_per_unit": 4.42,
      "unit_label": "L",
      "url": "https://www.selver.ee/siider-dry-apple-hoggy-s-355-ml",
      "img": "data:image/gif;base64,R0lGODlhAQABAIAAAAAAAP///yH5BAEAAAAALAAAAAABAAEAAAIBRAA7",
      "store": "Selver",
      "is_sale": false
    },
    "Long drink mango&mint, SINEBRYCHOFF, 500 ml": {
      "category": "Selver:Lahja Alkohol",
      "entries": [
        {
          "t": "2026-01-19T23:06:30.489722",
          "p": 1.65
        },
        {
          "t": "2026-01-27T10:31:51.707194",
          "p": 2.02
        }
      ],
      "latest_price": 2.02,
      "price_per_unit": 4.04,
      "unit_label": "L",
      "url": "https://www.selver.ee/long-drink-mango-mint-sinebrychoff-500-ml",
      "img": "data:image/gif;base64,R0lGODlhAQABAIAAAAAAAP///yH5BAEAAAAALAAAAAABAAEAAAIBRAA7",
      "store": "Selver",
      "is_sale": false
    },
    "Hele õlu Kuld, SAKU, 500 ml purk": {
      "category": "Selver:Lahja Alkohol",
      "entries": [
        {
          "t": "2026-01-19T23:06:30.489722",
          "p": 1.92
        }
      ],
      "latest_price": 1.92,
      "price_per_unit": 3.84,
      "unit_label": "L",
      "url": "https://www.selver.ee/hele-olu-kuld-saku-500-ml-purk",
      "img": "data:image/gif;base64,R0lGODlhAQABAIAAAAAAAP///yH5BAEAAAAALAAAAAABAAEAAAIBRAA7",
      "store": "Selver",
      "is_sale": false
    },
    "Original Long Drink Lemonade, HARTWALL, 330 ml": {
      "category": "Selver:Lahja Alkohol",
      "entries": [
        {
          "t": "2026-01-19T23:06:30.489722",
          "p": 1.82
        },
        {
          "t": "2026-01-27T10:31:51.707194",
          "p": 1.49
        }
      ],
      "latest_price": 1.49,
      "price_per_unit": 4.52,
      "unit_label": "L",
      "url": "https://www.selver.ee/original-long-drink-lemonade-hartwall-330-ml",
      "img": "data:image/gif;base64,R0lGODlhAQABAIAAAAAAAP///yH5BAEAAAAALAAAAAABAAEAAAIBRAA7",
      "store": "Selver",
      "is_sale": false
    },
    "Siider Pear 4-pakk, SOMERSBY, 4x500 ml purk": {
      "category": "Selver:Lahja Alkohol",
      "entries": [
        {
          "t": "2026-01-19T23:06:30.489722",
          "p": 8.69
        }
      ],
      "latest_price": 8.69,
      "price_per_unit": 4.35,
      "unit_label": "L",
      "url": "https://www.selver.ee/siider-pear-4-pakk-somersby-4x500-ml-purk",
      "img": "https://www.selver.ee/img/450/440/resize/4/7/4740019003833.jpg",
      "store": "Selver",
      "is_sale": false
    },
    "Long Drink Strong, A. LE COQ, 330 ml": {
      "category": "Selver:Lahja Alkohol",
      "entries": [
        {
          "t": "2026-01-19T23:06:30.489722",
          "p": 1.96
        }
      ],
      "latest_price": 1.96,
      "price_per_unit": 5.94,
      "unit_label": "L",
      "url": "https://www.selver.ee/long-drink-strong-a-le-coq-330-ml",
      "img": "https://www.selver.ee/img/450/440/resize/4/7/4740098002468.jpg",
      "store": "Selver",
      "is_sale": false
    },
    "Õlu Manchester, SAKU, 500 ml pudel": {
      "category": "Selver:Lahja Alkohol",
      "entries": [
        {
          "t": "2026-01-19T23:06:30.489722",
          "p": 1.95
        }
      ],
      "latest_price": 1.95,
      "price_per_unit": 3.9,
      "unit_label": "L",
      "url": "https://www.selver.ee/olu-manchester-saku-500-ml-pudel",
      "img": "https://www.selver.ee/img/450/440/resize/4/7/4740019015829.jpg",
      "store": "Selver",
      "is_sale": false
    },
    "Õunasiider, TANKER, 500 ml": {
      "category": "Selver:Lahja Alkohol",
      "entries": [
        {
          "t": "2026-01-19T23:06:30.489722",
          "p": 2.08
        }
      ],
      "latest_price": 2.08,
      "price_per_unit": 4.16,
      "unit_label": "L",
      "url": "https://www.selver.ee/ounasiider-tanker-500-ml",
      "img": "https://www.selver.ee/img/450/440/resize/4/7/4744136017063.jpg",
      "store": "Selver",
      "is_sale": false
    },
    "Õlu Münchner Hell, PAULANER, 500 ml": {
      "category": "Selver:Lahja Alkohol",
      "entries": [
        {
          "t": "2026-01-19T23:06:30.489722",
          "p": 2.59
        }
      ],
      "latest_price": 2.59,
      "price_per_unit": 5.18,
      "unit_label": "L",
      "url": "https://www.selver.ee/olu-munchner-hell-paulaner-500-ml",
      "img": "https://www.selver.ee/img/450/440/resize/4/0/4066600611028.jpg",
      "store": "Selver",
      "is_sale": false
    },
    "Long drink Grapefruit, SINEBRYCHOFF, 1,5 l": {
      "category": "Selver:Lahja Alkohol",
      "entries": [
        {
          "t": "2026-01-19T23:06:30.489722",
          "p": 4.73
        },
        {
          "t": "2026-01-27T10:31:51.707194",
          "p": 3.99
        }
      ],
      "latest_price": 3.99,
      "price_per_unit": 2.66,
      "unit_label": "L",
      "url": "https://www.selver.ee/long-drink-grapefruit-sinebrychoff-1-5-l",
      "img": "https://www.selver.ee/img/450/440/resize/4/7/4740019016277.jpg",
      "store": "Selver",
      "is_sale": false
    },
    "Õlu Porter, SAKU, 500 ml pudel": {
      "category": "Selver:Lahja Alkohol",
      "entries": [
        {
          "t": "2026-01-19T23:06:30.489722",
          "p": 2.05
        }
      ],
      "latest_price": 2.05,
      "price_per_unit": 4.1,
      "unit_label": "L",
      "url": "https://www.selver.ee/olu-porter-saku-500-ml-pudel",
      "img": "https://www.selver.ee/img/450/440/resize/4/7/4740019015843.jpg",
      "store": "Selver",
      "is_sale": false
    },
    "Siider Pear, SOMERSBY, 500 ml PURK": {
      "category": "Selver:Lahja Alkohol",
      "entries": [
        {
          "t": "2026-01-19T23:06:30.489722",
          "p": 2.17
        },
        {
          "t": "2026-01-27T10:31:51.707194",
          "p": 1.75
        }
      ],
      "latest_price": 1.75,
      "price_per_unit": 3.5,
      "unit_label": "L",
      "url": "https://www.selver.ee/siider-pear-somersby-500-ml-purk",
      "img": "https://www.selver.ee/img/450/440/resize/4/7/4740019769616.jpg",
      "store": "Selver",
      "is_sale": false
    },
    "Hele õlu Zubr Gold, ZUBR, 500 ml purk": {
      "category": "Selver:Lahja Alkohol",
      "entries": [
        {
          "t": "2026-01-19T23:06:30.489722",
          "p": 1.69
        }
      ],
      "latest_price": 1.69,
      "price_per_unit": 3.38,
      "unit_label": "L",
      "url": "https://www.selver.ee/hele-olu-zubr-gold-zubr-500-ml-purk",
      "img": "https://www.selver.ee/img/450/440/resize/8/5/8593875210596.jpg",
      "store": "Selver",
      "is_sale": false
    },
    "Õuna Siider, KARKSI, 500 ml": {
      "category": "Selver:Lahja Alkohol",
      "entries": [
        {
          "t": "2026-01-19T23:06:30.489722",
          "p": 2.29
        },
        {
          "t": "2026-01-26T22:36:20.613384",
          "p": 2.35
        }
      ],
      "latest_price": 2.35,
      "price_per_unit": 4.7,
      "unit_label": "L",
      "url": "https://www.selver.ee/ouna-siider-karksi-500-ml",
      "img": "https://www.selver.ee/img/450/440/resize/4/7/4740098095385.jpg",
      "store": "Selver",
      "is_sale": false
    },
    "Long Drink Grapefruit, A. LE COQ, 330 ml": {
      "category": "Selver:Lahja Alkohol",
      "entries": [
        {
          "t": "2026-01-19T23:06:30.489722",
          "p": 1.67
        }
      ],
      "latest_price": 1.67,
      "price_per_unit": 5.06,
      "unit_label": "L",
      "url": "https://www.selver.ee/long-drink-grapefruit-a-le-coq-330-ml",
      "img": "https://www.selver.ee/img/450/440/resize/4/7/4740098002437.jpg",
      "store": "Selver",
      "is_sale": false
    },
    "Õlu Extra Ingver, LE COQ EXTRA, 330 ml": {
      "category": "Selver:Lahja Alkohol",
      "entries": [
        {
          "t": "2026-01-19T23:06:30.489722",
          "p": 1.42
        }
      ],
      "latest_price": 1.42,
      "price_per_unit": 4.3,
      "unit_label": "L",
      "url": "https://www.selver.ee/olu-extra-ingver-le-coq-extra-330-ml",
      "img": "https://www.selver.ee/img/450/440/resize/4/7/4740098009832.jpg",
      "store": "Selver",
      "is_sale": false
    },
    "Hele õlu Green, TUBORG, 330 ml pudel": {
      "category": "Selver:Lahja Alkohol",
      "entries": [
        {
          "t": "2026-01-19T23:06:30.489722",
          "p": 1.29
        },
        {
          "t": "2026-01-27T10:31:51.707194",
          "p": 1.49
        }
      ],
      "latest_price": 1.49,
      "price_per_unit": 4.52,
      "unit_label": "L",
      "url": "https://www.selver.ee/hele-olu-green-tuborg-330-ml-pudel",
      "img": "https://www.selver.ee/img/450/440/resize/4/7/4770349226626.jpg",
      "store": "Selver",
      "is_sale": false
    },
    "Tume õlu Jõuluporter, A.LE COQ, 500 ml pudel": {
      "category": "Selver:Lahja Alkohol",
      "entries": [
        {
          "t": "2026-01-19T23:06:30.489722",
          "p": 2.57
        }
      ],
      "latest_price": 2.57,
      "price_per_unit": 5.14,
      "unit_label": "L",
      "url": "https://www.selver.ee/tume-olu-jouluporter-a-le-coq-500-ml-pudel",
      "img": "https://www.selver.ee/img/450/440/resize/4/7/4740098072461.jpg",
      "store": "Selver"
    },
    "Long drink Coctail Mojito, LE COQ, 330 ml pudel": {
      "category": "Selver:Lahja Alkohol",
      "entries": [
        {
          "t": "2026-01-19T23:06:30.489722",
          "p": 1.65
        }
      ],
      "latest_price": 1.65,
      "price_per_unit": 5.0,
      "unit_label": "L",
      "url": "https://www.selver.ee/long-drink-coctail-mojito-le-coq-330-ml-pudel",
      "img": "https://www.selver.ee/img/450/440/resize/4/7/4740098078203.jpg",
      "store": "Selver",
      "is_sale": false
    },
    "Hardcore Grapefruit, GARAGE, 275 ml": {
      "category": "Selver:Lahja Alkohol",
      "entries": [
        {
          "t": "2026-01-19T23:06:30.489722",
          "p": 1.39
        }
      ],
      "latest_price": 1.39,
      "price_per_unit": 5.05,
      "unit_label": "L",
      "url": "https://www.selver.ee/hardcore-grapefruit-garage-275-ml",
      "img": "https://www.selver.ee/img/450/440/resize/4/7/4740019004120.jpg",
      "store": "Selver"
    },
    "Passion Fruit, COOLER, 275 ml": {
      "category": "Selver:Lahja Alkohol",
      "entries": [
        {
          "t": "2026-01-19T23:06:30.489722",
          "p": 1.39
        },
        {
          "t": "2026-01-27T10:31:51.707194",
          "p": 1.73
        }
      ],
      "latest_price": 1.73,
      "price_per_unit": 6.29,
      "unit_label": "L",
      "url": "https://www.selver.ee/passion-fruit-cooler-275-ml",
      "img": "https://www.selver.ee/img/450/440/resize/4/7/4740050005278.jpg",
      "store": "Selver",
      "is_sale": false
    },
    "Õlu Extra Laim, LE COQ EXTRA, 330 ml": {
      "category": "Selver:Lahja Alkohol",
      "entries": [
        {
          "t": "2026-01-19T23:06:30.489722",
          "p": 1.42
        }
      ],
      "latest_price": 1.42,
      "price_per_unit": 4.3,
      "unit_label": "L",
      "url": "https://www.selver.ee/olu-extra-laim-le-coq-extra-330-ml",
      "img": "https://www.selver.ee/img/450/440/resize/4/7/4740098009825.jpg",
      "store": "Selver",
      "is_sale": false
    },
    "Long drink Coctail Watermelon Margarita, LE COQ, 330 ml pudel": {
      "category": "Selver:Lahja Alkohol",
      "entries": [
        {
          "t": "2026-01-19T23:06:30.489722",
          "p": 1.65
        }
      ],
      "latest_price": 1.65,
      "price_per_unit": 5.0,
      "unit_label": "L",
      "url": "https://www.selver.ee/long-drink-coctail-watermelon-margarita-le-coq-330-ml-pudel",
      "img": "https://www.selver.ee/img/450/440/resize/4/7/4740098079682.jpg",
      "store": "Selver",
      "is_sale": false
    },
    "Õlu Tume, SAKU, 500 ml pudel": {
      "category": "Selver:Lahja Alkohol",
      "entries": [
        {
          "t": "2026-01-19T23:06:30.489722",
          "p": 2.05
        }
      ],
      "latest_price": 2.05,
      "price_per_unit": 4.1,
      "unit_label": "L",
      "url": "https://www.selver.ee/olu-tume-saku-500-ml-pudel",
      "img": "https://www.selver.ee/img/450/440/resize/4/7/4740019015782.jpg",
      "store": "Selver",
      "is_sale": false
    },
    "Õlu Leffe Blonde, pudelis, LEFFE, 330 ml": {
      "category": "Selver:Lahja Alkohol",
      "entries": [
        {
          "t": "2026-01-19T23:06:30.489722",
          "p": 2.59
        }
      ],
      "latest_price": 2.59,
      "price_per_unit": 7.85,
      "unit_label": "L",
      "url": "https://www.selver.ee/olu-leffe-blonde-pudelis-leffe-330-ml",
      "img": "https://www.selver.ee/img/450/440/resize/4/7/4770301238056.jpg",
      "store": "Selver",
      "is_sale": false
    },
    "Hele õlu Karl Friedrich, SAKU, 500 ml pudel": {
      "category": "Selver:Lahja Alkohol",
      "entries": [
        {
          "t": "2026-01-19T23:06:30.489722",
          "p": 1.85
        }
      ],
      "latest_price": 1.85,
      "price_per_unit": 3.7,
      "unit_label": "L",
      "url": "https://www.selver.ee/hele-olu-karl-friedrich-saku-500-ml-pudel",
      "img": "https://www.selver.ee/img/450/440/resize/4/7/4740019500080.jpg",
      "store": "Selver",
      "is_sale": false
    },
    "Long Drink Citrus, A. LE COQ, 330 ml": {
      "category": "Selver:Lahja Alkohol",
      "entries": [
        {
          "t": "2026-01-19T23:06:30.489722",
          "p": 1.67
        }
      ],
      "latest_price": 1.67,
      "price_per_unit": 5.06,
      "unit_label": "L",
      "url": "https://www.selver.ee/long-drink-citrus-a-le-coq-330-ml",
      "img": "data:image/gif;base64,R0lGODlhAQABAIAAAAAAAP///yH5BAEAAAAALAAAAAABAAEAAAIBRAA7",
      "store": "Selver",
      "is_sale": false
    },
    "Gin Long Drink Yuzu, HOGGY´S, 500 ml": {
      "category": "Selver:Lahja Alkohol",
      "entries": [
        {
          "t": "2026-01-19T23:06:30.489722",
          "p": 2.25
        }
      ],
      "latest_price": 2.25,
      "price_per_unit": 4.5,
      "unit_label": "L",
      "url": "https://www.selver.ee/gin-long-drink-yuzu-hoggy-s-500-ml",
      "img": "data:image/gif;base64,R0lGODlhAQABAIAAAAAAAP///yH5BAEAAAAALAAAAAABAAEAAAIBRAA7",
      "store": "Selver",
      "is_sale": false
    },
    "Õlu Pilsner, A. LE COQ, 500 ml purk": {
      "category": "Selver:Lahja Alkohol",
      "entries": [
        {
          "t": "2026-01-19T23:06:30.489722",
          "p": 1.56
        }
      ],
      "latest_price": 1.56,
      "price_per_unit": 3.12,
      "unit_label": "L",
      "url": "https://www.selver.ee/olu-pilsner-a-le-coq-500-ml-purk",
      "img": "data:image/gif;base64,R0lGODlhAQABAIAAAAAAAP///yH5BAEAAAAALAAAAAABAAEAAAIBRAA7",
      "store": "Selver",
      "is_sale": false
    },
    "Õlu Damm, DAMM, 500 ml purk": {
      "category": "Selver:Lahja Alkohol",
      "entries": [
        {
          "t": "2026-01-19T23:06:30.489722",
          "p": 2.09
        }
      ],
      "latest_price": 2.09,
      "price_per_unit": 4.18,
      "unit_label": "L",
      "url": "https://www.selver.ee/olu-damm-damm-500-ml-purk",
      "img": "data:image/gif;base64,R0lGODlhAQABAIAAAAAAAP///yH5BAEAAAAALAAAAAABAAEAAAIBRAA7",
      "store": "Selver",
      "is_sale": false
    },
    "Siider Pear, SOMERSBY, 330 ml pudel": {
      "category": "Selver:Lahja Alkohol",
      "entries": [
        {
          "t": "2026-01-19T23:06:30.489722",
          "p": 1.67
        }
      ],
      "latest_price": 1.67,
      "price_per_unit": 5.06,
      "unit_label": "L",
      "url": "https://www.selver.ee/siider-pear-somersby-330-ml-pudel",
      "img": "https://www.selver.ee/img/450/440/resize/4/7/4740019769593.jpg",
      "store": "Selver",
      "is_sale": false
    },
    "Õlu Premium Select, A. LE COQ, 355 ml": {
      "category": "Selver:Lahja Alkohol",
      "entries": [
        {
          "t": "2026-01-19T23:06:30.489722",
          "p": 1.22
        }
      ],
      "latest_price": 1.22,
      "price_per_unit": 3.44,
      "unit_label": "L",
      "url": "https://www.selver.ee/olu-premium-select-a-le-coq-355-ml",
      "img": "https://www.selver.ee/img/450/440/resize/4/7/4740098094821.jpg",
      "store": "Selver",
      "is_sale": false
    },
    "Õlu Lime Cut, TUBORG, 330 ml": {
      "category": "Selver:Lahja Alkohol",
      "entries": [
        {
          "t": "2026-01-19T23:06:30.489722",
          "p": 1.25
        },
        {
          "t": "2026-01-27T10:31:51.707194",
          "p": 1.66
        }
      ],
      "latest_price": 1.66,
      "price_per_unit": 5.03,
      "unit_label": "L",
      "url": "https://www.selver.ee/olu-lime-cut-tuborg-330-ml",
      "img": "https://www.selver.ee/img/450/440/resize/4/7/4770349230067.jpg",
      "store": "Selver",
      "is_sale": false
    },
    "Õlu Amber Lager, VALMIERMUIZA, 500 ml": {
      "category": "Selver:Lahja Alkohol",
      "entries": [
        {
          "t": "2026-01-19T23:06:30.489722",
          "p": 3.79
        }
      ],
      "latest_price": 3.79,
      "price_per_unit": 7.58,
      "unit_label": "L",
      "url": "https://www.selver.ee/olu-amber-lager-valmiermuiza-500-ml",
      "img": "https://www.selver.ee/img/450/440/resize/4/7/4751012090010.jpg",
      "store": "Selver",
      "is_sale": false
    },
    "Long drink Jõhvikas, SINEBRYCHOFF, 500 ml": {
      "category": "Selver:Lahja Alkohol",
      "entries": [
        {
          "t": "2026-01-19T23:06:30.489722",
          "p": 1.65
        },
        {
          "t": "2026-01-27T10:31:51.707194",
          "p": 2.02
        }
      ],
      "latest_price": 2.02,
      "price_per_unit": 4.04,
      "unit_label": "L",
      "url": "https://www.selver.ee/long-drink-johvikas-sinebrychoff-500-ml",
      "img": "https://www.selver.ee/img/450/440/resize/4/7/4740019016130.jpg",
      "store": "Selver",
      "is_sale": false
    },
    "Siider Paljas õun, SAKU ANTVÄRK, 330 ml": {
      "category": "Selver:Lahja Alkohol",
      "entries": [
        {
          "t": "2026-01-19T23:06:30.489722",
          "p": 1.77
        }
      ],
      "latest_price": 1.77,
      "price_per_unit": 5.36,
      "unit_label": "L",
      "url": "https://www.selver.ee/siider-paljas-oun-saku-antvark-330-ml",
      "img": "https://www.selver.ee/img/450/440/resize/4/7/4740019003321.jpg",
      "store": "Selver",
      "is_sale": false
    },
    "Hele õlu Hefe Weisbier, PAULANER, 500 ml pudel": {
      "category": "Selver:Lahja Alkohol",
      "entries": [
        {
          "t": "2026-01-19T23:06:30.489722",
          "p": 2.59
        }
      ],
      "latest_price": 2.59,
      "price_per_unit": 5.18,
      "unit_label": "L",
      "url": "https://www.selver.ee/hele-olu-hefe-weisbier-paulaner-500-ml-pudel",
      "img": "https://www.selver.ee/img/450/440/resize/4/0/4066600611981.jpg",
      "store": "Selver",
      "is_sale": false
    },
    "Long drink Coctail Cuba Libre, LE COQ, 330 ml pudel": {
      "category": "Selver:Lahja Alkohol",
      "entries": [
        {
          "t": "2026-01-19T23:06:30.489722",
          "p": 1.65
        }
      ],
      "latest_price": 1.65,
      "price_per_unit": 5.0,
      "unit_label": "L",
      "url": "https://www.selver.ee/long-drink-coctail-cuba-libre-le-coq-330-ml-pudel",
      "img": "https://www.selver.ee/img/450/440/resize/4/7/4740098078180.jpg",
      "store": "Selver",
      "is_sale": false
    },
    "Õlu Blonde, GRIMBERGEN, 500 ml purk": {
      "category": "Selver:Lahja Alkohol",
      "entries": [
        {
          "t": "2026-01-19T23:06:30.489722",
          "p": 2.59
        }
      ],
      "latest_price": 2.59,
      "price_per_unit": 5.18,
      "unit_label": "L",
      "url": "https://www.selver.ee/olu-blonde-grimbergen-500-ml-purk",
      "img": "https://www.selver.ee/img/450/440/resize/4/7/4770075446985.jpg",
      "store": "Selver",
      "is_sale": false
    },
    "Siider Apple, SOMERSBY. 500 ml purk": {
      "category": "Selver:Lahja Alkohol",
      "entries": [
        {
          "t": "2026-01-19T23:06:30.489722",
          "p": 2.17
        },
        {
          "t": "2026-01-27T10:31:51.707194",
          "p": 1.75
        }
      ],
      "latest_price": 1.75,
      "price_per_unit": 3.5,
      "unit_label": "L",
      "url": "https://www.selver.ee/siider-apple-somersby-500-ml-purk",
      "img": "https://www.selver.ee/img/450/440/resize/4/7/4740019015683.jpg",
      "store": "Selver",
      "is_sale": false
    },
    "Õlu Virmalised, PÕHJALA, 330 ml": {
      "category": "Selver:Lahja Alkohol",
      "entries": [
        {
          "t": "2026-01-19T23:06:30.489722",
          "p": 2.29
        },
        {
          "t": "2026-01-27T10:31:51.707194",
          "p": 3.09
        }
      ],
      "latest_price": 3.09,
      "price_per_unit": 9.36,
      "unit_label": "L",
      "url": "https://www.selver.ee/olu-virmalised-pohjala-330-ml",
      "img": "https://www.selver.ee/img/450/440/resize/4/7/4742976013559.jpg",
      "store": "Selver",
      "is_sale": false
    },
    "Hardcore Orange, GARAGE, 500 ml": {
      "category": "Selver:Lahja Alkohol",
      "entries": [
        {
          "t": "2026-01-19T23:06:30.489722",
          "p": 2.43
        }
      ],
      "latest_price": 2.43,
      "price_per_unit": 4.86,
      "unit_label": "L",
      "url": "https://www.selver.ee/hardcore-orange-garage-500-ml",
      "img": "https://www.selver.ee/img/450/440/resize/4/7/4740019002614.jpg",
      "store": "Selver",
      "is_sale": false
    },
    "Siider Sweet Pear, FIZZ, 500 ml purk": {
      "category": "Selver:Lahja Alkohol",
      "entries": [
        {
          "t": "2026-01-19T23:06:30.489722",
          "p": 1.93
        }
      ],
      "latest_price": 1.93,
      "price_per_unit": 3.86,
      "unit_label": "L",
      "url": "https://www.selver.ee/siider-sweet-pear-fizz-500-ml-purk",
      "img": "data:image/gif;base64,R0lGODlhAQABAIAAAAAAAP///yH5BAEAAAAALAAAAAABAAEAAAIBRAA7",
      "store": "Selver",
      "is_sale": false
    },
    "Kokteilijook Jack Daniels & Coca-Cola, JACK DANIEL'S, 330 ml": {
      "category": "Selver:Lahja Alkohol",
      "entries": [
        {
          "t": "2026-01-19T23:06:30.489722",
          "p": 3.54
        }
      ],
      "latest_price": 3.54,
      "price_per_unit": 10.73,
      "unit_label": "L",
      "url": "https://www.selver.ee/kokteilijook-jack-daniels-coca-cola-jack-daniel-s-330-ml",
      "img": "data:image/gif;base64,R0lGODlhAQABAIAAAAAAAP///yH5BAEAAAAALAAAAAABAAEAAAIBRAA7",
      "store": "Selver",
      "is_sale": false
    },
    "Kirsiõlu, KARKSI, 500 ml pudel": {
      "category": "Selver:Lahja Alkohol",
      "entries": [
        {
          "t": "2026-01-19T23:06:30.489722",
          "p": 2.16
        },
        {
          "t": "2026-01-26T22:36:20.613384",
          "p": 2.25
        }
      ],
      "latest_price": 2.25,
      "price_per_unit": 4.5,
      "unit_label": "L",
      "url": "https://www.selver.ee/kirsiolu-karksi-500-ml-pudel",
      "img": "data:image/gif;base64,R0lGODlhAQABAIAAAAAAAP///yH5BAEAAAAALAAAAAABAAEAAAIBRAA7",
      "store": "Selver",
      "is_sale": false
    },
    "Long Drink Grapefruit, KOFF, 330 ml": {
      "category": "Selver:Lahja Alkohol",
      "entries": [
        {
          "t": "2026-01-19T23:06:30.489722",
          "p": 1.63
        }
      ],
      "latest_price": 1.63,
      "price_per_unit": 4.94,
      "unit_label": "L",
      "url": "https://www.selver.ee/long-drink-grapefruit-koff-330-ml",
      "img": "data:image/gif;base64,R0lGODlhAQABAIAAAAAAAP///yH5BAEAAAAALAAAAAABAAEAAAIBRAA7",
      "store": "Selver",
      "is_sale": false
    },
    "Õlu Premium, STAROPRAMEN , 500 ml purk": {
      "category": "Selver:Lahja Alkohol",
      "entries": [
        {
          "t": "2026-01-19T23:06:30.489722",
          "p": 2.12
        }
      ],
      "latest_price": 2.12,
      "price_per_unit": 4.24,
      "unit_label": "L",
      "url": "https://www.selver.ee/olu-premium-staropramen-500-ml-purk",
      "img": "data:image/gif;base64,R0lGODlhAQABAIAAAAAAAP///yH5BAEAAAAALAAAAAABAAEAAAIBRAA7",
      "store": "Selver"
    },
    "Siider Rhubarb, HOGGY'S, 355 ml": {
      "category": "Selver:Lahja Alkohol",
      "entries": [
        {
          "t": "2026-01-19T23:06:30.489722",
          "p": 1.57
        }
      ],
      "latest_price": 1.57,
      "price_per_unit": 4.42,
      "unit_label": "L",
      "url": "https://www.selver.ee/siider-rhubarb-hoggy-s-355-ml",
      "img": "data:image/gif;base64,R0lGODlhAQABAIAAAAAAAP///yH5BAEAAAAALAAAAAABAAEAAAIBRAA7",
      "store": "Selver",
      "is_sale": false
    },
    "Tume õlu Must Nunn, KARKSI, 500 ml pudel": {
      "category": "Selver:Lahja Alkohol",
      "entries": [
        {
          "t": "2026-01-19T23:06:30.489722",
          "p": 2.16
        },
        {
          "t": "2026-01-26T22:36:20.613384",
          "p": 2.25
        }
      ],
      "latest_price": 2.25,
      "price_per_unit": 4.5,
      "unit_label": "L",
      "url": "https://www.selver.ee/tume-olu-must-nunn-karksi-500-ml-pudel",
      "img": "data:image/gif;base64,R0lGODlhAQABAIAAAAAAAP///yH5BAEAAAAALAAAAAABAAEAAAIBRAA7",
      "store": "Selver",
      "is_sale": false
    },
    "Tume õlu A. Le Coq Porter 500 ml pudel": {
      "category": "Selver:Lahja Alkohol",
      "entries": [
        {
          "t": "2026-01-19T23:06:30.489722",
          "p": 2.04
        }
      ],
      "latest_price": 2.04,
      "price_per_unit": 4.08,
      "unit_label": "L",
      "url": "https://www.selver.ee/tume-olu-a-le-coq-porter-500-ml-pudel",
      "img": "data:image/gif;base64,R0lGODlhAQABAIAAAAAAAP///yH5BAEAAAAALAAAAAABAAEAAAIBRAA7",
      "store": "Selver",
      "is_sale": false
    },
    "Long drink, Hard Californian Pear, GARAGE, 275 ml": {
      "category": "Selver:Lahja Alkohol",
      "entries": [
        {
          "t": "2026-01-19T23:06:30.489722",
          "p": 1.25
        }
      ],
      "latest_price": 1.25,
      "price_per_unit": 4.55,
      "unit_label": "L",
      "url": "https://www.selver.ee/long-drink-hard-californian-pear-garage-275-ml",
      "img": "https://www.selver.ee/img/450/440/resize/4/7/4740019003161.jpg",
      "store": "Selver"
    },
    "Long drink Dark Cherry, COOLER, 275 ml": {
      "category": "Selver:Lahja Alkohol",
      "entries": [
        {
          "t": "2026-01-19T23:06:30.489722",
          "p": 1.39
        },
        {
          "t": "2026-01-27T10:31:51.707194",
          "p": 1.73
        }
      ],
      "latest_price": 1.73,
      "price_per_unit": 6.29,
      "unit_label": "L",
      "url": "https://www.selver.ee/long-drink-dark-cherry-cooler-275-ml",
      "img": "data:image/gif;base64,R0lGODlhAQABAIAAAAAAAP///yH5BAEAAAAALAAAAAABAAEAAAIBRAA7",
      "store": "Selver",
      "is_sale": false
    },
    "Saturnus, PÕHJALA, 440 ml": {
      "category": "Selver:Lahja Alkohol",
      "entries": [
        {
          "t": "2026-01-19T23:06:30.489722",
          "p": 3.09
        },
        {
          "t": "2026-01-27T10:31:51.707194",
          "p": 1.99
        }
      ],
      "latest_price": 1.99,
      "price_per_unit": 4.52,
      "unit_label": "L",
      "url": "https://www.selver.ee/saturnus-pohjala-440-ml",
      "img": "data:image/gif;base64,R0lGODlhAQABAIAAAAAAAP///yH5BAEAAAAALAAAAAABAAEAAAIBRAA7",
      "store": "Selver",
      "is_sale": false
    },
    "Saku Originaal, SAKU, 500 ml": {
      "category": "Selver:Lahja Alkohol",
      "entries": [
        {
          "t": "2026-01-19T23:06:30.489722",
          "p": 1.81
        }
      ],
      "latest_price": 1.81,
      "price_per_unit": 3.62,
      "unit_label": "L",
      "url": "https://www.selver.ee/saku-originaal-saku-500-ml",
      "img": "data:image/gif;base64,R0lGODlhAQABAIAAAAAAAP///yH5BAEAAAAALAAAAAABAAEAAAIBRAA7",
      "store": "Selver",
      "is_sale": false
    },
    "Hele õlu, WARSTEINER, 500 ml purk": {
      "category": "Selver:Lahja Alkohol",
      "entries": [
        {
          "t": "2026-01-19T23:06:30.489722",
          "p": 2.05
        }
      ],
      "latest_price": 2.05,
      "price_per_unit": 4.1,
      "unit_label": "L",
      "url": "https://www.selver.ee/hele-olu-warsteiner-500-ml-purk",
      "img": "data:image/gif;base64,R0lGODlhAQABAIAAAAAAAP///yH5BAEAAAAALAAAAAABAAEAAAIBRAA7",
      "store": "Selver",
      "is_sale": false
    },
    "Õlu Uus Maailm, PÕHJALA, 330 ml": {
      "category": "Selver:Lahja Alkohol",
      "entries": [
        {
          "t": "2026-01-19T23:06:30.489722",
          "p": 2.19
        },
        {
          "t": "2026-01-27T10:31:51.707194",
          "p": 2.79
        }
      ],
      "latest_price": 2.79,
      "price_per_unit": 8.45,
      "unit_label": "L",
      "url": "https://www.selver.ee/olu-uus-maailm-pohjala-330-ml",
      "img": "data:image/gif;base64,R0lGODlhAQABAIAAAAAAAP///yH5BAEAAAAALAAAAAABAAEAAAIBRAA7",
      "store": "Selver",
      "is_sale": false
    },
    "Long drink Turbo, G:N, 1,5 l": {
      "category": "Selver:Lahja Alkohol",
      "entries": [
        {
          "t": "2026-01-19T23:06:30.489722",
          "p": 4.72
        },
        {
          "t": "2026-01-27T10:31:51.707194",
          "p": 3.99
        }
      ],
      "latest_price": 3.99,
      "price_per_unit": 2.66,
      "unit_label": "L",
      "url": "https://www.selver.ee/long-drink-turbo-g-n-1-5-l",
      "img": "https://www.selver.ee/img/450/440/resize/4/7/4740098002345.jpg",
      "store": "Selver",
      "is_sale": false
    },
    "Siider Blackberry, SOMERSBY, 500 ml": {
      "category": "Selver:Lahja Alkohol",
      "entries": [
        {
          "t": "2026-01-19T23:06:30.489722",
          "p": 2.17
        },
        {
          "t": "2026-01-27T10:31:51.707194",
          "p": 1.75
        }
      ],
      "latest_price": 1.75,
      "price_per_unit": 3.5,
      "unit_label": "L",
      "url": "https://www.selver.ee/siider-blackberry-somersby-500-ml",
      "img": "https://www.selver.ee/img/450/440/resize/4/7/4770075447760.jpg",
      "store": "Selver",
      "is_sale": false
    },
    "Hele õlu Hefeweizen, SCHÖFFERHOFER, 500 ml pudel": {
      "category": "Selver:Lahja Alkohol",
      "entries": [
        {
          "t": "2026-01-19T23:06:30.489722",
          "p": 2.49
        }
      ],
      "latest_price": 2.49,
      "price_per_unit": 4.98,
      "unit_label": "L",
      "url": "https://www.selver.ee/hele-olu-hefeweizen-schofferhofer-500-ml-pudel",
      "img": "https://www.selver.ee/img/450/440/resize/4/0/4053400001838.jpg",
      "store": "Selver",
      "is_sale": false
    },
    "Õlu Premium Fest, A. LE COQ, 275 ml": {
      "category": "Selver:Lahja Alkohol",
      "entries": [
        {
          "t": "2026-01-19T23:06:30.489722",
          "p": 1.41
        }
      ],
      "latest_price": 1.41,
      "price_per_unit": 5.13,
      "unit_label": "L",
      "url": "https://www.selver.ee/olu-premium-fest-a-le-coq-275-ml",
      "img": "https://www.selver.ee/img/450/440/resize/4/7/4740098002376.jpg",
      "store": "Selver",
      "is_sale": false
    },
    "Siider Vintage Reserve, HENRY WESTONS, 500 ml pudel": {
      "category": "Selver:Lahja Alkohol",
      "entries": [
        {
          "t": "2026-01-19T23:06:30.489722",
          "p": 4.95
        }
      ],
      "latest_price": 4.95,
      "price_per_unit": 9.9,
      "unit_label": "L",
      "url": "https://www.selver.ee/siider-vintage-reserve-henry-westons-500-ml-pudel",
      "img": "https://www.selver.ee/img/450/440/resize/5/0/5014201655414.jpg",
      "store": "Selver",
      "is_sale": false
    },
    "Siider Pear, SOMERSBY , 1 L": {
      "category": "Selver:Lahja Alkohol",
      "entries": [
        {
          "t": "2026-01-19T23:06:30.489722",
          "p": 2.65
        },
        {
          "t": "2026-01-27T10:31:51.707194",
          "p": 3.47
        }
      ],
      "latest_price": 3.47,
      "price_per_unit": 3.47,
      "unit_label": "L",
      "url": "https://www.selver.ee/siider-pear-somersby-1-l",
      "img": "data:image/gif;base64,R0lGODlhAQABAIAAAAAAAP///yH5BAEAAAAALAAAAAABAAEAAAIBRAA7",
      "store": "Selver",
      "is_sale": false
    },
    "Long Drink Mohhito, G:N, 1,5 L pet": {
      "category": "Selver:Lahja Alkohol",
      "entries": [
        {
          "t": "2026-01-19T23:06:30.489722",
          "p": 4.72
        },
        {
          "t": "2026-01-27T10:31:51.707194",
          "p": 3.99
        }
      ],
      "latest_price": 3.99,
      "price_per_unit": 2.66,
      "unit_label": "L",
      "url": "https://www.selver.ee/long-drink-mohhito-g-n-1-5-l-pet",
      "img": "https://www.selver.ee/img/450/440/resize/4/7/4740098079095.jpg",
      "store": "Selver",
      "is_sale": false
    },
    "Punane Laager, PÕHJALA, 440 ml": {
      "category": "Selver:Lahja Alkohol",
      "entries": [
        {
          "t": "2026-01-19T23:06:30.489722",
          "p": 2.29
        },
        {
          "t": "2026-01-27T10:31:51.707194",
          "p": 1.79
        }
      ],
      "latest_price": 1.79,
      "price_per_unit": 4.07,
      "unit_label": "L",
      "url": "https://www.selver.ee/punane-laager-pohjala-440-ml",
      "img": "https://www.selver.ee/img/450/440/resize/4/7/4742976016734.jpg",
      "store": "Selver",
      "is_sale": false
    },
    "Long drink Cranberry, SINEBRYCHOFF, 1,5L": {
      "category": "Selver:Lahja Alkohol",
      "entries": [
        {
          "t": "2026-01-19T23:06:30.489722",
          "p": 4.73
        },
        {
          "t": "2026-01-27T10:31:51.707194",
          "p": 3.99
        }
      ],
      "latest_price": 3.99,
      "price_per_unit": 2.66,
      "unit_label": "L",
      "url": "https://www.selver.ee/long-drink-cranberry-sinebrychoff-1-5l",
      "img": "https://www.selver.ee/img/450/440/resize/4/7/4740019016147.jpg",
      "store": "Selver",
      "is_sale": false
    },
    "Cooler Green Apple, COOLER, 275 ml": {
      "category": "Selver:Lahja Alkohol",
      "entries": [
        {
          "t": "2026-01-19T23:06:30.489722",
          "p": 1.39
        },
        {
          "t": "2026-01-27T10:31:51.707194",
          "p": 1.73
        }
      ],
      "latest_price": 1.73,
      "price_per_unit": 6.29,
      "unit_label": "L",
      "url": "https://www.selver.ee/cooler-green-apple-cooler-275-ml",
      "img": "https://www.selver.ee/img/450/440/resize/4/7/4740050004417.jpg",
      "store": "Selver",
      "is_sale": false
    },
    "Hele õlu Pilsner, A. LE COQ, 500 ml pudel": {
      "category": "Selver:Lahja Alkohol",
      "entries": [
        {
          "t": "2026-01-19T23:06:30.489722",
          "p": 1.62
        }
      ],
      "latest_price": 1.62,
      "price_per_unit": 3.24,
      "unit_label": "L",
      "url": "https://www.selver.ee/hele-olu-pilsner-a-le-coq-500-ml-pudel",
      "img": "https://www.selver.ee/img/450/440/resize/4/7/4740098076506.jpg",
      "store": "Selver",
      "is_sale": false
    },
    "Õlu Stella Artois, STELLA ARTOIS, 330 ml": {
      "category": "Selver:Lahja Alkohol",
      "entries": [
        {
          "t": "2026-01-19T23:06:30.489722",
          "p": 2.1
        }
      ],
      "latest_price": 2.1,
      "price_per_unit": 6.36,
      "unit_label": "L",
      "url": "https://www.selver.ee/olu-stella-artois-stella-artois-330-ml",
      "img": "https://www.selver.ee/img/450/440/resize/4/7/4770301238124.jpg",
      "store": "Selver",
      "is_sale": false
    },
    "Siider Raspberry, HOGGY'S, 355 ml": {
      "category": "Selver:Lahja Alkohol",
      "entries": [
        {
          "t": "2026-01-19T23:06:30.489722",
          "p": 1.57
        }
      ],
      "latest_price": 1.57,
      "price_per_unit": 4.42,
      "unit_label": "L",
      "url": "https://www.selver.ee/siider-raspberry-hoggy-s-355-ml",
      "img": "https://www.selver.ee/img/450/440/resize/4/7/4740098094852.jpg",
      "store": "Selver",
      "is_sale": false
    },
    "Õlu Orange Gose, PÕHJALA, 330 ml": {
      "category": "Selver:Lahja Alkohol",
      "entries": [
        {
          "t": "2026-01-19T23:06:30.489722",
          "p": 2.29
        },
        {
          "t": "2026-01-27T10:31:51.707194",
          "p": 2.95
        }
      ],
      "latest_price": 2.95,
      "price_per_unit": 8.94,
      "unit_label": "L",
      "url": "https://www.selver.ee/olu-orange-gose-pohjala-330-ml",
      "img": "https://www.selver.ee/img/450/440/resize/4/7/4742976013610.jpg",
      "store": "Selver",
      "is_sale": false
    },
    "Siider Apple, SOMERSBY, 1 L": {
      "category": "Selver:Lahja Alkohol",
      "entries": [
        {
          "t": "2026-01-19T23:06:30.489722",
          "p": 2.65
        },
        {
          "t": "2026-01-27T10:31:51.707194",
          "p": 3.47
        }
      ],
      "latest_price": 3.47,
      "price_per_unit": 3.47,
      "unit_label": "L",
      "url": "https://www.selver.ee/siider-apple-somersby-1-l",
      "img": "https://www.selver.ee/img/450/440/resize/4/7/4770075447753.jpg",
      "store": "Selver",
      "is_sale": false
    },
    "Õlu Kozel Dark, VELKOPOPOVICKY, 500 ml purk": {
      "category": "Selver:Lahja Alkohol",
      "entries": [
        {
          "t": "2026-01-19T23:06:30.489722",
          "p": 2.4
        }
      ],
      "latest_price": 2.4,
      "price_per_unit": 4.8,
      "unit_label": "L",
      "url": "https://www.selver.ee/olu-kozel-dark-velkopopovicky-500-ml-purk",
      "img": "https://www.selver.ee/img/450/440/resize/4/7/4744485010913.jpg",
      "store": "Selver",
      "is_sale": false
    },
    "Hele õlu Genuine, BUD, 330 ml pudel": {
      "category": "Selver:Lahja Alkohol",
      "entries": [
        {
          "t": "2026-01-19T23:06:30.489722",
          "p": 2.39
        }
      ],
      "latest_price": 2.39,
      "price_per_unit": 7.24,
      "unit_label": "L",
      "url": "https://www.selver.ee/hele-olu-genuine-bud-330-ml-pudel",
      "img": "https://www.selver.ee/img/450/440/resize/0/0/0018200001680.jpg",
      "store": "Selver",
      "is_sale": false
    },
    "Hele õlu Imperial Lager, KRUŚOVICE, 500 ml pudel": {
      "category": "Selver:Lahja Alkohol",
      "entries": [
        {
          "t": "2026-01-19T23:06:30.489722",
          "p": 2.43
        }
      ],
      "latest_price": 2.43,
      "price_per_unit": 4.86,
      "unit_label": "L",
      "url": "https://www.selver.ee/hele-olu-imperial-lager-krusovice-500-ml-pudel",
      "img": "https://www.selver.ee/img/450/440/resize/8/5/8594009923511.jpg",
      "store": "Selver",
      "is_sale": false
    },
    "Õlu Ginger Joe, STONE´S, 330 ml pudel": {
      "category": "Selver:Lahja Alkohol",
      "entries": [
        {
          "t": "2026-01-19T23:06:30.489722",
          "p": 2.53
        }
      ],
      "latest_price": 2.53,
      "price_per_unit": 7.67,
      "unit_label": "L",
      "url": "https://www.selver.ee/olu-ginger-joe-stone-s-330-ml-pudel",
      "img": "https://www.selver.ee/img/450/440/resize/5/0/5010134008426.jpg",
      "store": "Selver",
      "is_sale": false
    },
    "Imperial Extra Double Stout, A. LE COQ, 400 ml": {
      "category": "Selver:Lahja Alkohol",
      "entries": [
        {
          "t": "2026-01-19T23:06:30.489722",
          "p": 2.15
        }
      ],
      "latest_price": 2.15,
      "price_per_unit": 5.37,
      "unit_label": "L",
      "url": "https://www.selver.ee/imperial-extra-double-stout-a-le-coq-400-ml",
      "img": "https://www.selver.ee/img/450/440/resize/4/7/4740098081869.jpg",
      "store": "Selver",
      "is_sale": false
    },
    "Siider Blueberry, FIZZ, 500 ml purk": {
      "category": "Selver:Lahja Alkohol",
      "entries": [
        {
          "t": "2026-01-19T23:06:30.489722",
          "p": 1.93
        }
      ],
      "latest_price": 1.93,
      "price_per_unit": 3.86,
      "unit_label": "L",
      "url": "https://www.selver.ee/siider-blueberry-fizz-500-ml-purk",
      "img": "data:image/gif;base64,R0lGODlhAQABAIAAAAAAAP///yH5BAEAAAAALAAAAAABAAEAAAIBRAA7",
      "store": "Selver",
      "is_sale": false
    },
    "Siider Sweet Pear, fizz, 1,5 L pet": {
      "category": "Selver:Lahja Alkohol",
      "entries": [
        {
          "t": "2026-01-19T23:06:30.489722",
          "p": 4.43
        }
      ],
      "latest_price": 4.43,
      "price_per_unit": 2.95,
      "unit_label": "L",
      "url": "https://www.selver.ee/siider-sweet-pear-fizz-1-5-l-pet",
      "img": "data:image/gif;base64,R0lGODlhAQABAIAAAAAAAP///yH5BAEAAAAALAAAAAABAAEAAAIBRAA7",
      "store": "Selver",
      "is_sale": false
    },
    "Siider Original Dry Apple, FIZZ, 330 ml purk": {
      "category": "Selver:Lahja Alkohol",
      "entries": [
        {
          "t": "2026-01-19T23:06:30.489722",
          "p": 1.33
        }
      ],
      "latest_price": 1.33,
      "price_per_unit": 4.03,
      "unit_label": "L",
      "url": "https://www.selver.ee/siider-original-dry-apple-fizz-330-ml-purk",
      "img": "data:image/gif;base64,R0lGODlhAQABAIAAAAAAAP///yH5BAEAAAAALAAAAAABAAEAAAIBRAA7",
      "store": "Selver",
      "is_sale": false
    },
    "Õlu Warsteiner Brewers Gold, 500 ml": {
      "category": "Selver:Lahja Alkohol",
      "entries": [
        {
          "t": "2026-01-19T23:06:30.489722",
          "p": 2.09
        }
      ],
      "latest_price": 2.09,
      "price_per_unit": 4.18,
      "unit_label": "L",
      "url": "https://www.selver.ee/olu-warsteiner-brewers-gold-500-ml",
      "img": "data:image/gif;base64,R0lGODlhAQABAIAAAAAAAP///yH5BAEAAAAALAAAAAABAAEAAAIBRAA7",
      "store": "Selver",
      "is_sale": false
    },
    "Hele õlu Kuld, SAKU, 330 ml pudel": {
      "category": "Selver:Lahja Alkohol",
      "entries": [
        {
          "t": "2026-01-19T23:06:30.489722",
          "p": 1.69
        }
      ],
      "latest_price": 1.69,
      "price_per_unit": 5.12,
      "unit_label": "L",
      "url": "https://www.selver.ee/hele-olu-kuld-saku-330-ml-pudel",
      "img": "https://www.selver.ee/img/450/440/resize/4/7/4740019645644.jpg",
      "store": "Selver",
      "is_sale": false
    },
    "Õlu Desperados, 330 ml pudel": {
      "category": "Selver:Lahja Alkohol",
      "entries": [
        {
          "t": "2026-01-19T23:06:30.489722",
          "p": 2.42
        }
      ],
      "latest_price": 2.42,
      "price_per_unit": 7.33,
      "unit_label": "L",
      "url": "https://www.selver.ee/olu-desperados-330-ml-pudel",
      "img": "https://www.selver.ee/img/450/440/resize/3/1/3155930006015.jpg",
      "store": "Selver",
      "is_sale": false
    },
    "Siider Plum, HOGGY'S, 355 ml": {
      "category": "Selver:Lahja Alkohol",
      "entries": [
        {
          "t": "2026-01-19T23:06:30.489722",
          "p": 1.2
        }
      ],
      "latest_price": 1.2,
      "price_per_unit": 3.38,
      "unit_label": "L",
      "url": "https://www.selver.ee/siider-plum-hoggy-s-355-ml",
      "img": "https://www.selver.ee/img/450/440/resize/4/7/4740098001515.jpg",
      "store": "Selver",
      "is_sale": false
    },
    "Õlu De Levante, DAMM, 500 ml purgis": {
      "category": "Selver:Lahja Alkohol",
      "entries": [
        {
          "t": "2026-01-19T23:06:30.489722",
          "p": 2.09
        }
      ],
      "latest_price": 2.09,
      "price_per_unit": 4.18,
      "unit_label": "L",
      "url": "https://www.selver.ee/olu-de-levante-damm-500-ml-purgis",
      "img": "https://www.selver.ee/img/450/440/resize/8/4/8413194126128.jpg",
      "store": "Selver",
      "is_sale": false
    },
    "Õlu Öö, PÕHJALA, 330 ml": {
      "category": "Selver:Lahja Alkohol",
      "entries": [
        {
          "t": "2026-01-19T23:06:30.489722",
          "p": 4.09
        },
        {
          "t": "2026-01-27T10:31:51.707194",
          "p": 2.99
        }
      ],
      "latest_price": 2.99,
      "price_per_unit": 9.06,
      "unit_label": "L",
      "url": "https://www.selver.ee/olu-oo-pohjala-330-ml",
      "img": "https://www.selver.ee/img/450/440/resize/4/7/4742976010015.jpg",
      "store": "Selver",
      "is_sale": false
    },
    "Breezer Orange, BACARDI, 275 ml": {
      "category": "Selver:Lahja Alkohol",
      "entries": [
        {
          "t": "2026-01-19T23:06:30.489722",
          "p": 2.37
        }
      ],
      "latest_price": 2.37,
      "price_per_unit": 8.62,
      "unit_label": "L",
      "url": "https://www.selver.ee/breezer-orange-bacardi-275-ml",
      "img": "https://www.selver.ee/img/450/440/resize/7/6/7610113027592.jpg",
      "store": "Selver",
      "is_sale": false
    },
    "Õlu Rock IPA, SAKU,": {
      "category": "Selver:Lahja Alkohol",
      "entries": [
        {
          "t": "2026-01-19T23:06:30.489722",
          "p": 1.55
        }
      ],
      "latest_price": 1.55,
      "price_per_unit": 4.7,
      "unit_label": "L",
      "url": "https://www.selver.ee/olu-rock-ipa-saku",
      "img": "https://www.selver.ee/img/450/440/resize/4/7/4740019779011.jpg",
      "store": "Selver",
      "is_sale": false
    },
    "Sun City, PÕHJALA, 440 ml purk": {
      "category": "Selver:Lahja Alkohol",
      "entries": [
        {
          "t": "2026-01-19T23:06:30.489722",
          "p": 4.35
        },
        {
          "t": "2026-01-27T10:31:51.707194",
          "p": 2.99
        }
      ],
      "latest_price": 2.99,
      "price_per_unit": 6.8,
      "unit_label": "L",
      "url": "https://www.selver.ee/sun-city-pohjala-440-ml-purk",
      "img": "https://www.selver.ee/img/450/440/resize/4/7/4742976015133.jpg",
      "store": "Selver",
      "is_sale": false
    },
    "Siider Brothers Toffee Õun 500 ml pudel": {
      "category": "Selver:Lahja Alkohol",
      "entries": [
        {
          "t": "2026-01-19T23:06:30.489722",
          "p": 3.99
        }
      ],
      "latest_price": 3.99,
      "price_per_unit": 7.98,
      "unit_label": "L",
      "url": "https://www.selver.ee/siider-brothers-toffee-oun-500-ml-pudel",
      "img": "https://www.selver.ee/img/450/440/resize/5/0/5027342001316.jpg",
      "store": "Selver",
      "is_sale": false
    },
    "Õlu Baltic Porter, A. LE COG , 75 cl": {
      "category": "Selver:Lahja Alkohol",
      "entries": [
        {
          "t": "2026-01-19T23:06:30.489722",
          "p": 4.25
        }
      ],
      "latest_price": 4.25,
      "price_per_unit": 5.67,
      "unit_label": "L",
      "url": "https://www.selver.ee/olu-baltic-porter-a-le-cog-75-cl",
      "img": "https://www.selver.ee/img/450/440/resize/4/7/4740098091462.jpg",
      "store": "Selver",
      "is_sale": false
    },
    "Õlu Vulin, PÜHASTE, 330 ml": {
      "category": "Selver:Lahja Alkohol",
      "entries": [
        {
          "t": "2026-01-19T23:06:30.489722",
          "p": 2.53
        }
      ],
      "latest_price": 2.53,
      "price_per_unit": 7.67,
      "unit_label": "L",
      "url": "https://www.selver.ee/olu-vulin-puhaste-330-ml",
      "img": "https://www.selver.ee/img/450/440/resize/4/7/4744307011678.jpg",
      "store": "Selver",
      "is_sale": false
    },
    "Breezer Watermelon, BACARDI, 275 ml": {
      "category": "Selver:Lahja Alkohol",
      "entries": [
        {
          "t": "2026-01-19T23:06:30.489722",
          "p": 2.37
        }
      ],
      "latest_price": 2.37,
      "price_per_unit": 8.62,
      "unit_label": "L",
      "url": "https://www.selver.ee/breezer-watermelon-bacardi-275-ml",
      "img": "https://www.selver.ee/img/450/440/resize/7/6/7610113027608.jpg",
      "store": "Selver",
      "is_sale": false
    },
    "Siider Fizz Blueberry, 1,5 L pet": {
      "category": "Selver:Lahja Alkohol",
      "entries": [
        {
          "t": "2026-01-19T23:06:30.489722",
          "p": 4.43
        }
      ],
      "latest_price": 4.43,
      "price_per_unit": 2.95,
      "unit_label": "L",
      "url": "https://www.selver.ee/siider-fizz-blueberry-1-5-l-pet",
      "img": "https://www.selver.ee/img/450/440/resize/4/7/4740098080664.jpg",
      "store": "Selver",
      "is_sale": false
    },
    "Õlu Originaal, SAKU, 330 ml purk": {
      "category": "Selver:Lahja Alkohol",
      "entries": [
        {
          "t": "2026-01-19T23:06:30.489722",
          "p": 1.29
        }
      ],
      "latest_price": 1.29,
      "price_per_unit": 3.91,
      "unit_label": "L",
      "url": "https://www.selver.ee/olu-originaal-saku-330-ml-purk",
      "img": "https://www.selver.ee/img/450/440/resize/4/7/4740019001662.jpg",
      "store": "Selver",
      "is_sale": false
    },
    "Õlu Vaskne, ÕLLENAUT, 500 ml": {
      "category": "Selver:Lahja Alkohol",
      "entries": [
        {
          "t": "2026-01-19T23:06:30.489722",
          "p": 1.45
        }
      ],
      "latest_price": 1.45,
      "price_per_unit": 2.9,
      "unit_label": "L",
      "url": "https://www.selver.ee/olu-vaskne-ollenaut-500-ml",
      "img": "https://www.selver.ee/img/450/440/resize/4/7/4744045011022.jpg",
      "store": "Selver",
      "is_sale": false
    },
    "Õlu Genuine Draft, MILLER, 330 ml": {
      "category": "Selver:Lahja Alkohol",
      "entries": [
        {
          "t": "2026-01-19T23:06:30.489722",
          "p": 2.02
        }
      ],
      "latest_price": 2.02,
      "price_per_unit": 6.12,
      "unit_label": "L",
      "url": "https://www.selver.ee/olu-genuine-draft-miller-330-ml",
      "img": "https://www.selver.ee/img/450/440/resize/4/7/4740168001612.jpg",
      "store": "Selver",
      "is_sale": false
    },
    "Õlu Sauna Session, TANKER , 440 ml purk": {
      "category": "Selver:Lahja Alkohol",
      "entries": [
        {
          "t": "2026-01-19T23:06:30.489722",
          "p": 2.23
        }
      ],
      "latest_price": 2.23,
      "price_per_unit": 5.07,
      "unit_label": "L",
      "url": "https://www.selver.ee/olu-sauna-session-tanker-440-ml-purk",
      "img": "https://www.selver.ee/img/450/440/resize/4/7/4744109019407.jpg",
      "store": "Selver",
      "is_sale": false
    },
    "Siider Kopparberg metsamarja, 500 ml purk": {
      "category": "Selver:Lahja Alkohol",
      "entries": [
        {
          "t": "2026-01-19T23:06:30.489722",
          "p": 2.8
        }
      ],
      "latest_price": 2.8,
      "price_per_unit": 5.6,
      "unit_label": "L",
      "url": "https://www.selver.ee/siider-kopparberg-metsamarja-500-ml-purk",
      "img": "https://www.selver.ee/img/450/440/resize/7/3/7393714377012.jpg",
      "store": "Selver",
      "is_sale": false
    },
    "Kokteil Gin & Passion Fruit, MIX, 330 ml pudel": {
      "category": "Selver:Lahja Alkohol",
      "entries": [
        {
          "t": "2026-01-19T23:06:30.489722",
          "p": 2.29
        }
      ],
      "latest_price": 2.29,
      "price_per_unit": 6.94,
      "unit_label": "L",
      "url": "https://www.selver.ee/kokteil-gin-passion-fruit-mix-330-ml-pudel",
      "img": "https://www.selver.ee/img/450/440/resize/4/7/4770047236361.jpg",
      "store": "Selver",
      "is_sale": false
    },
    "Õlu Metsik Ida IPA, PURTSE, 330 ml": {
      "category": "Selver:Lahja Alkohol",
      "entries": [
        {
          "t": "2026-01-19T23:06:30.489722",
          "p": 2.63
        }
      ],
      "latest_price": 2.63,
      "price_per_unit": 7.97,
      "unit_label": "L",
      "url": "https://www.selver.ee/olu-metsik-ida-ipa-purtse-330-ml-t000073264",
      "img": "https://www.selver.ee/img/450/440/resize/4/7/4744472010810.jpg",
      "store": "Selver",
      "is_sale": false
    },
    "Õlu Hele, ÕLLENAUT, 500 ml": {
      "category": "Selver:Lahja Alkohol",
      "entries": [
        {
          "t": "2026-01-19T23:06:30.489722",
          "p": 1.82
        }
      ],
      "latest_price": 1.82,
      "price_per_unit": 3.64,
      "unit_label": "L",
      "url": "https://www.selver.ee/olu-hele-ollenaut-500-ml",
      "img": "data:image/gif;base64,R0lGODlhAQABAIAAAAAAAP///yH5BAEAAAAALAAAAAABAAEAAAIBRAA7",
      "store": "Selver",
      "is_sale": false
    },
    "Õlu Hefe-Weissbier, FRANZISKANER, 500 ml pudel": {
      "category": "Selver:Lahja Alkohol",
      "entries": [
        {
          "t": "2026-01-19T23:06:30.489722",
          "p": 3.25
        }
      ],
      "latest_price": 3.25,
      "price_per_unit": 6.5,
      "unit_label": "L",
      "url": "https://www.selver.ee/olu-hefe-weissbier-franziskaner-500-ml-pudel",
      "img": "data:image/gif;base64,R0lGODlhAQABAIAAAAAAAP///yH5BAEAAAAALAAAAAABAAEAAAIBRAA7",
      "store": "Selver",
      "is_sale": false
    },
    "Siider British Vintage, HENRY WESTONS, 500 ml": {
      "category": "Selver:Lahja Alkohol",
      "entries": [
        {
          "t": "2026-01-19T23:06:30.489722",
          "p": 4.79
        }
      ],
      "latest_price": 4.79,
      "price_per_unit": 9.58,
      "unit_label": "L",
      "url": "https://www.selver.ee/siider-british-vintage-henry-westons-500-ml",
      "img": "data:image/gif;base64,R0lGODlhAQABAIAAAAAAAP///yH5BAEAAAAALAAAAAABAAEAAAIBRAA7",
      "store": "Selver",
      "is_sale": false
    },
    "Siider Bouche Brut De Normandie, 750 ml pudel": {
      "category": "Selver:Lahja Alkohol",
      "entries": [
        {
          "t": "2026-01-19T23:06:30.489722",
          "p": 5.99
        }
      ],
      "latest_price": 5.99,
      "price_per_unit": 7.99,
      "unit_label": "L",
      "url": "https://www.selver.ee/siider-bouche-brut-de-normandie-750-ml-pudel",
      "img": "data:image/gif;base64,R0lGODlhAQABAIAAAAAAAP///yH5BAEAAAAALAAAAAABAAEAAAIBRAA7",
      "store": "Selver",
      "is_sale": false
    },
    "Aperitivo Spritz&Roll Originale, 75 cl": {
      "category": "Selver:Lahja Alkohol",
      "entries": [
        {
          "t": "2026-01-19T23:06:30.489722",
          "p": 7.99
        }
      ],
      "latest_price": 7.99,
      "price_per_unit": 10.65,
      "unit_label": "L",
      "url": "https://www.selver.ee/aperitivo-spritz-roll-originale-75-cl",
      "img": "https://www.selver.ee/img/450/440/resize/8/0/8007531114536.jpg",
      "store": "Selver",
      "is_sale": false
    },
    "Õlu Mosaiik, PÜHASTE, 330 ml": {
      "category": "Selver:Lahja Alkohol",
      "entries": [
        {
          "t": "2026-01-19T23:06:30.489722",
          "p": 2.73
        }
      ],
      "latest_price": 2.73,
      "price_per_unit": 8.27,
      "unit_label": "L",
      "url": "https://www.selver.ee/olu-mosaiik-puhaste-330-ml",
      "img": "https://www.selver.ee/img/450/440/resize/4/7/4744307010961.jpg",
      "store": "Selver",
      "is_sale": false
    },
    "Õlu Must kuld, PÕHJALA, 330 ml": {
      "category": "Selver:Lahja Alkohol",
      "entries": [
        {
          "t": "2026-01-19T23:06:30.489722",
          "p": 3.39
        },
        {
          "t": "2026-01-27T10:31:51.707194",
          "p": 2.79
        }
      ],
      "latest_price": 2.79,
      "price_per_unit": 8.45,
      "unit_label": "L",
      "url": "https://www.selver.ee/olu-must-kuld-pohjala-330-ml",
      "img": "https://www.selver.ee/img/450/440/resize/4/7/4742976013764.jpg",
      "store": "Selver",
      "is_sale": false
    },
    "Õlu Reloaded, TANKER, 440 ml": {
      "category": "Selver:Lahja Alkohol",
      "entries": [
        {
          "t": "2026-01-19T23:06:30.489722",
          "p": 2.29
        }
      ],
      "latest_price": 2.29,
      "price_per_unit": 5.2,
      "unit_label": "L",
      "url": "https://www.selver.ee/olu-reloaded-tanker-440-ml",
      "img": "https://www.selver.ee/img/450/440/resize/4/7/4744109019414.jpg",
      "store": "Selver",
      "is_sale": false
    },
    "Õlu Lager Kämp, PURTSE, 330 ml": {
      "category": "Selver:Lahja Alkohol",
      "entries": [
        {
          "t": "2026-01-19T23:06:30.489722",
          "p": 2.02
        }
      ],
      "latest_price": 2.02,
      "price_per_unit": 6.12,
      "unit_label": "L",
      "url": "https://www.selver.ee/olu-lager-kamp-purtse-330-ml-t000073263",
      "img": "https://www.selver.ee/img/450/440/resize/4/7/4744472010469.jpg",
      "store": "Selver",
      "is_sale": false
    },
    "Mojito, BACARDI, 250 ml": {
      "category": "Selver:Lahja Alkohol",
      "entries": [
        {
          "t": "2026-01-19T23:06:30.489722",
          "p": 2.37
        }
      ],
      "latest_price": 2.37,
      "price_per_unit": 9.48,
      "unit_label": "L",
      "url": "https://www.selver.ee/mojito-bacardi-250-ml",
      "img": "https://www.selver.ee/img/450/440/resize/5/0/5010677840095.jpg",
      "store": "Selver",
      "is_sale": false
    },
    "Siider ROSÉ Naturel Organic, JAANIHANSO, 330 ml": {
      "category": "Selver:Lahja Alkohol",
      "entries": [
        {
          "t": "2026-01-19T23:06:30.489722",
          "p": 3.04
        }
      ],
      "latest_price": 3.04,
      "price_per_unit": 9.21,
      "unit_label": "L",
      "url": "https://www.selver.ee/siider-rose-naturel-organic-jaanihanso-330-ml",
      "img": "https://www.selver.ee/img/450/440/resize/4/7/4744358010446.jpg",
      "store": "Selver",
      "is_sale": false
    },
    "Long drink Junibeer, RE-CRAFTED, 275 ml": {
      "category": "Selver:Lahja Alkohol",
      "entries": [
        {
          "t": "2026-01-19T23:06:30.489722",
          "p": 3.14
        }
      ],
      "latest_price": 3.14,
      "price_per_unit": 11.42,
      "unit_label": "L",
      "url": "https://www.selver.ee/long-drink-junibeer-re-crafted-275-ml",
      "img": "https://www.selver.ee/img/450/440/resize/4/7/4740050005742.jpg",
      "store": "Selver",
      "is_sale": false
    },
    "Õlu Pilsner, SAKU, 500ml": {
      "category": "Selver:Lahja Alkohol",
      "entries": [
        {
          "t": "2026-01-19T23:06:30.489722",
          "p": 1.64
        }
      ],
      "latest_price": 1.64,
      "price_per_unit": 3.28,
      "unit_label": "L",
      "url": "https://www.selver.ee/olu-pilsner-saku-500ml",
      "img": "https://www.selver.ee/img/450/440/resize/4/7/4740019400939.jpg",
      "store": "Selver",
      "is_sale": false
    },
    "Siider Brut, JAANIHANSO, 75 cl": {
      "category": "Selver:Lahja Alkohol",
      "entries": [
        {
          "t": "2026-01-19T23:06:30.489722",
          "p": 13.2
        }
      ],
      "latest_price": 13.2,
      "price_per_unit": 17.6,
      "unit_label": "L",
      "url": "https://www.selver.ee/siider-brut-jaanihanso-75-cl",
      "img": "https://www.selver.ee/img/450/440/resize/4/7/4748001001645.jpg",
      "store": "Selver",
      "is_sale": false
    },
    "Õllejook Ploom, SAKU ON ICE, 330 ml": {
      "category": "Selver:Lahja Alkohol",
      "entries": [
        {
          "t": "2026-01-19T23:06:30.489722",
          "p": 1.47
        },
        {
          "t": "2026-01-27T10:31:51.707194",
          "p": 1.19
        }
      ],
      "latest_price": 1.19,
      "price_per_unit": 3.61,
      "unit_label": "L",
      "url": "https://www.selver.ee/ollejook-ploom-saku-on-ice-330-ml",
      "img": "https://www.selver.ee/img/450/440/resize/4/7/4740019003987.jpg",
      "store": "Selver",
      "is_sale": false
    },
    "Kokteil KOSKENKORVA Mojito, 50 cl": {
      "category": "Selver:Lahja Alkohol",
      "entries": [
        {
          "t": "2026-01-19T23:06:30.489722",
          "p": 10.49
        }
      ],
      "latest_price": 10.49,
      "price_per_unit": 20.98,
      "unit_label": "L",
      "url": "https://www.selver.ee/kokteil-koskenkorva-mojito-50-cl",
      "img": "https://www.selver.ee/img/450/440/resize/6/4/6412700088204.jpg",
      "store": "Selver",
      "is_sale": false
    },
    "muu alkohoolne jook Long Grapefruit, A.LE COQ, 500 ml": {
      "category": "Selver:Lahja Alkohol",
      "entries": [
        {
          "t": "2026-01-19T23:06:30.489722",
          "p": 2.25
        }
      ],
      "latest_price": 2.25,
      "price_per_unit": 4.5,
      "unit_label": "L",
      "url": "https://www.selver.ee/muu-alkohoolne-jook-long-grapefruit-a-le-coq-500-ml",
      "img": "https://www.selver.ee/img/450/440/resize/4/7/4740098003687.jpg",
      "store": "Selver",
      "is_sale": false
    },
    "Õlu October Brew, A. LE COQ, 500 ml": {
      "category": "Selver:Lahja Alkohol",
      "entries": [
        {
          "t": "2026-01-19T23:06:30.489722",
          "p": 2.09
        }
      ],
      "latest_price": 2.09,
      "price_per_unit": 4.18,
      "unit_label": "L",
      "url": "https://www.selver.ee/olu-october-brew-a-le-coq-500-ml",
      "img": "data:image/gif;base64,R0lGODlhAQABAIAAAAAAAP///yH5BAEAAAAALAAAAAABAAEAAAIBRAA7",
      "store": "Selver"
    },
    "õlu Extra Ananass, LE COQ EXTRA, 330 ml": {
      "category": "Selver:Lahja Alkohol",
      "entries": [
        {
          "t": "2026-01-19T23:06:30.489722",
          "p": 1.42
        }
      ],
      "latest_price": 1.42,
      "price_per_unit": 4.3,
      "unit_label": "L",
      "url": "https://www.selver.ee/olu-extra-ananass-le-coq-extra-330-ml",
      "img": "data:image/gif;base64,R0lGODlhAQABAIAAAAAAAP///yH5BAEAAAAALAAAAAABAAEAAAIBRAA7",
      "store": "Selver",
      "is_sale": false
    },
    "Long Drink Passionfruit, A. LE COQ, 330 ml": {
      "category": "Selver:Lahja Alkohol",
      "entries": [
        {
          "t": "2026-01-19T23:06:30.489722",
          "p": 1.67
        }
      ],
      "latest_price": 1.67,
      "price_per_unit": 5.06,
      "unit_label": "L",
      "url": "https://www.selver.ee/long-drink-passionfruit-a-le-coq-330-ml",
      "img": "data:image/gif;base64,R0lGODlhAQABAIAAAAAAAP///yH5BAEAAAAALAAAAAABAAEAAAIBRAA7",
      "store": "Selver",
      "is_sale": false
    },
    "Õlu Väike Sass, ALEXANDER, 330 ml": {
      "category": "Selver:Lahja Alkohol",
      "entries": [
        {
          "t": "2026-01-19T23:06:30.489722",
          "p": 0.99
        }
      ],
      "latest_price": 0.99,
      "price_per_unit": 3.0,
      "unit_label": "L",
      "url": "https://www.selver.ee/olu-vaike-sass-alexander-330-ml",
      "img": "https://www.selver.ee/img/450/440/resize/4/7/4740098003748.jpg",
      "store": "Selver",
      "is_sale": false
    },
    "Õlu Väike Sass 6-pakk, ALEXANDER, 6x330 ml": {
      "category": "Selver:Lahja Alkohol",
      "entries": [
        {
          "t": "2026-01-19T23:06:30.489722",
          "p": 7.29
        }
      ],
      "latest_price": 7.29,
      "price_per_unit": 3.68,
      "unit_label": "L",
      "url": "https://www.selver.ee/olu-vaike-sass-6-pakk-alexander-6x330-ml",
      "img": "https://www.selver.ee/img/450/440/resize/4/7/4740098003755.jpg",
      "store": "Selver",
      "is_sale": false
    },
    "Õlu Safiir, SAKU, 500 ml": {
      "category": "Selver:Lahja Alkohol",
      "entries": [
        {
          "t": "2026-01-19T23:06:30.489722",
          "p": 1.89
        }
      ],
      "latest_price": 1.89,
      "price_per_unit": 3.78,
      "unit_label": "L",
      "url": "https://www.selver.ee/olu-safiir-saku-500-ml",
      "img": "https://www.selver.ee/img/450/440/resize/4/7/4740019004311.jpg",
      "store": "Selver",
      "is_sale": false
    },
    "Siider Pineapple & Lime, SOMERSBY, 1 l": {
      "category": "Selver:Lahja Alkohol",
      "entries": [
        {
          "t": "2026-01-19T23:06:30.489722",
          "p": 2.65
        },
        {
          "t": "2026-01-27T10:31:51.707194",
          "p": 3.47
        }
      ],
      "latest_price": 3.47,
      "price_per_unit": 3.47,
      "unit_label": "L",
      "url": "https://www.selver.ee/siider-pineapple-lime-somersby-1-l",
      "img": "https://www.selver.ee/img/450/440/resize/4/7/4750049004441.jpg",
      "store": "Selver",
      "is_sale": false
    },
    "Õlu Friedrich Tšehhi Lager, KARL FRIEDRICH, 568 ml": {
      "category": "Selver:Lahja Alkohol",
      "entries": [
        {
          "t": "2026-01-19T23:06:30.489722",
          "p": 1.93
        }
      ],
      "latest_price": 1.93,
      "price_per_unit": 3.4,
      "unit_label": "L",
      "url": "https://www.selver.ee/olu-friedrich-tsehhi-lager-karl-friedrich-568-ml",
      "img": "https://www.selver.ee/img/450/440/resize/4/7/4740019002959.jpg",
      "store": "Selver",
      "is_sale": false
    },
    "Strong Grapefruit Raspberry, KOFF, 330 ml": {
      "category": "Selver:Lahja Alkohol",
      "entries": [
        {
          "t": "2026-01-19T23:06:30.489722",
          "p": 2.11
        }
      ],
      "latest_price": 2.11,
      "price_per_unit": 6.39,
      "unit_label": "L",
      "url": "https://www.selver.ee/strong-grapefruit-raspberry-koff-330-ml",
      "img": "https://www.selver.ee/img/450/440/resize/4/7/4740019003383.jpg",
      "store": "Selver",
      "is_sale": false
    },
    "Siider Pineapple & Lime, SOMERSBY, 500 ml": {
      "category": "Selver:Lahja Alkohol",
      "entries": [
        {
          "t": "2026-01-19T23:06:30.489722",
          "p": 2.17
        },
        {
          "t": "2026-01-27T10:31:51.707194",
          "p": 1.75
        }
      ],
      "latest_price": 1.75,
      "price_per_unit": 3.5,
      "unit_label": "L",
      "url": "https://www.selver.ee/siider-pineapple-lime-somersby-500-ml",
      "img": "https://www.selver.ee/img/450/440/resize/4/7/4750049004458.jpg",
      "store": "Selver",
      "is_sale": false
    },
    "Mellow Peach, COOLER, 275 ml": {
      "category": "Selver:Lahja Alkohol",
      "entries": [
        {
          "t": "2026-01-19T23:06:30.489722",
          "p": 1.39
        },
        {
          "t": "2026-01-27T10:31:51.707194",
          "p": 1.73
        }
      ],
      "latest_price": 1.73,
      "price_per_unit": 6.29,
      "unit_label": "L",
      "url": "https://www.selver.ee/mellow-peach-cooler-275-ml",
      "img": "https://www.selver.ee/img/450/440/resize/4/7/4740050005308.jpg",
      "store": "Selver",
      "is_sale": false
    },
    "Caribba Rum & Cola, COOLER, 275 ml": {
      "category": "Selver:Lahja Alkohol",
      "entries": [
        {
          "t": "2026-01-19T23:06:30.489722",
          "p": 1.39
        },
        {
          "t": "2026-01-27T10:31:51.707194",
          "p": 1.92
        }
      ],
      "latest_price": 1.92,
      "price_per_unit": 6.98,
      "unit_label": "L",
      "url": "https://www.selver.ee/caribba-rum-cola-cooler-275-ml",
      "img": "https://www.selver.ee/img/450/440/resize/4/7/4740050005339.jpg",
      "store": "Selver",
      "is_sale": false
    },
    "Peach Spritz, METAXA, 250 ml": {
      "category": "Selver:Lahja Alkohol",
      "entries": [
        {
          "t": "2026-01-19T23:06:30.489722",
          "p": 3.09
        }
      ],
      "latest_price": 3.09,
      "price_per_unit": 12.36,
      "unit_label": "L",
      "url": "https://www.selver.ee/peach-spritz-metaxa-250-ml",
      "img": "https://www.selver.ee/img/450/440/resize/5/2/5202795210779.jpg",
      "store": "Selver",
      "is_sale": false
    },
    "Original Long Drink Pink Raspberry, HARTWALL, 330 ml": {
      "category": "Selver:Lahja Alkohol",
      "entries": [
        {
          "t": "2026-01-19T23:06:30.489722",
          "p": 1.55
        },
        {
          "t": "2026-01-27T10:31:51.707194",
          "p": 1.82
        }
      ],
      "latest_price": 1.82,
      "price_per_unit": 5.52,
      "unit_label": "L",
      "url": "https://www.selver.ee/original-long-drink-pink-raspberry-hartwall-330-ml",
      "img": "https://www.selver.ee/img/450/440/resize/4/7/4744109011944.jpg",
      "store": "Selver",
      "is_sale": false
    },
    "Õlu Unikorn, ROCK, 568 ml": {
      "category": "Selver:Lahja Alkohol",
      "entries": [
        {
          "t": "2026-01-19T23:06:30.489722",
          "p": 1.59
        },
        {
          "t": "2026-01-27T10:31:51.707194",
          "p": 1.93
        }
      ],
      "latest_price": 1.93,
      "price_per_unit": 3.4,
      "unit_label": "L",
      "url": "https://www.selver.ee/olu-unikorn-rock-568-ml",
      "img": "https://www.selver.ee/img/450/440/resize/4/7/4740019002942.jpg",
      "store": "Selver",
      "is_sale": false
    },
    "Muu alkohoolne jook Lemon Spritz, LE COQ, 330 ml": {
      "category": "Selver:Lahja Alkohol",
      "entries": [
        {
          "t": "2026-01-19T23:06:30.489722",
          "p": 1.65
        }
      ],
      "latest_price": 1.65,
      "price_per_unit": 5.0,
      "unit_label": "L",
      "url": "https://www.selver.ee/muu-alkohoolne-jook-lemon-spritz-le-coq-330-ml",
      "img": "https://www.selver.ee/img/450/440/resize/4/7/4740098003892.jpg",
      "store": "Selver",
      "is_sale": false
    },
    "Kosmos, PÕHJALA, 440 ml": {
      "category": "Selver:Lahja Alkohol",
      "entries": [
        {
          "t": "2026-01-19T23:06:30.489722",
          "p": 2.79
        },
        {
          "t": "2026-01-27T10:31:51.707194",
          "p": 3.42
        }
      ],
      "latest_price": 3.42,
      "price_per_unit": 7.77,
      "unit_label": "L",
      "url": "https://www.selver.ee/kosmos-pohjala-440-ml",
      "img": "https://www.selver.ee/img/450/440/resize/4/7/4742976018028.jpg",
      "store": "Selver",
      "is_sale": false
    },
    "On Ice Õun-Münt, SAKU ON ICE, 330 ml": {
      "category": "Selver:Lahja Alkohol",
      "entries": [
        {
          "t": "2026-01-19T23:06:30.489722",
          "p": 1.47
        },
        {
          "t": "2026-01-27T10:31:51.707194",
          "p": 1.19
        }
      ],
      "latest_price": 1.19,
      "price_per_unit": 3.61,
      "unit_label": "L",
      "url": "https://www.selver.ee/on-ice-oun-munt-saku-on-ice-330-ml",
      "img": "https://www.selver.ee/img/450/440/resize/4/7/4740019002928.jpg",
      "store": "Selver",
      "is_sale": false
    },
    "Pirnisiider, TANKER, 500 ml": {
      "category": "Selver:Lahja Alkohol",
      "entries": [
        {
          "t": "2026-01-19T23:06:30.489722",
          "p": 1.99
        }
      ],
      "latest_price": 1.99,
      "price_per_unit": 3.98,
      "unit_label": "L",
      "url": "https://www.selver.ee/pirnisiider-tanker-500-ml",
      "img": "https://www.selver.ee/img/450/440/resize/4/7/4744109011937.jpg",
      "store": "Selver",
      "is_sale": false
    },
    "Kokteilijook Limoneto Spritz, ZONIN, 250 ml": {
      "category": "Selver:Lahja Alkohol",
      "entries": [
        {
          "t": "2026-01-19T23:06:30.489722",
          "p": 3.95
        }
      ],
      "latest_price": 3.95,
      "price_per_unit": 15.8,
      "unit_label": "L",
      "url": "https://www.selver.ee/kokteilijook-limoneto-spritz-zonin-250-ml",
      "img": "https://www.selver.ee/img/450/440/resize/8/0/8002235043991.jpg",
      "store": "Selver",
      "is_sale": false
    },
    "Õlu Victoria Malaga, DAMM, 500 ml": {
      "category": "Selver:Lahja Alkohol",
      "entries": [
        {
          "t": "2026-01-19T23:06:30.489722",
          "p": 1.99
        }
      ],
      "latest_price": 1.99,
      "price_per_unit": 3.98,
      "unit_label": "L",
      "url": "https://www.selver.ee/olu-victoria-malaga-damm-500-ml",
      "img": "https://www.selver.ee/img/450/440/resize/8/4/8410793226129.jpg",
      "store": "Selver",
      "is_sale": false
    },
    "Siider Raspberry & Blackberry, BROTHERS, 500 ml": {
      "category": "Selver:Lahja Alkohol",
      "entries": [
        {
          "t": "2026-01-19T23:06:30.489722",
          "p": 3.99
        }
      ],
      "latest_price": 3.99,
      "price_per_unit": 7.98,
      "unit_label": "L",
      "url": "https://www.selver.ee/siider-raspberry-blackberry-brothers-500-ml",
      "img": "https://www.selver.ee/img/450/440/resize/5/0/5027342006335.jpg",
      "store": "Selver",
      "is_sale": false
    },
    "Kirsiraks, PÕHJALA, 330 ml": {
      "category": "Selver:Lahja Alkohol",
      "entries": [
        {
          "t": "2026-01-19T23:06:30.489722",
          "p": 2.29
        }
      ],
      "latest_price": 2.29,
      "price_per_unit": 6.94,
      "unit_label": "L",
      "url": "https://www.selver.ee/kirsiraks-pohjala-330-ml",
      "img": "https://www.selver.ee/img/450/440/resize/4/7/4742976018233.jpg",
      "store": "Selver"
    },
    "Õlu Rubiin, SAKU, 500 ml": {
      "category": "Selver:Lahja Alkohol",
      "entries": [
        {
          "t": "2026-01-19T23:06:30.489722",
          "p": 1.9
        }
      ],
      "latest_price": 1.9,
      "price_per_unit": 3.8,
      "unit_label": "L",
      "url": "https://www.selver.ee/olu-rubiin-saku-500-ml",
      "img": "https://www.selver.ee/img/450/440/resize/4/7/4740019004328.jpg",
      "store": "Selver",
      "is_sale": false
    },
    "Original Long Drink, HARTWALL, 500 ml": {
      "category": "Selver:Lahja Alkohol",
      "entries": [
        {
          "t": "2026-01-19T23:06:30.489722",
          "p": 2.49
        }
      ],
      "latest_price": 2.49,
      "price_per_unit": 4.98,
      "unit_label": "L",
      "url": "https://www.selver.ee/original-long-drink-hartwall-500-ml-t000088975",
      "img": "https://www.selver.ee/img/450/440/resize/4/7/4744109011975.jpg",
      "store": "Selver",
      "is_sale": false
    },
    "Õlu Piparkoogi Porter, A. LE COQ,": {
      "category": "Selver:Lahja Alkohol",
      "entries": [
        {
          "t": "2026-01-19T23:06:30.489722",
          "p": 2.95
        }
      ],
      "latest_price": 2.95,
      "price_per_unit": 5.9,
      "unit_label": "L",
      "url": "https://www.selver.ee/olu-piparkoogi-porter-a-le-coq",
      "img": "https://www.selver.ee/img/450/440/resize/4/7/4740098004271.jpg",
      "store": "Selver"
    },
    "Õlu Originaal Talvelaager, SAKU, 500 ml": {
      "category": "Selver:Lahja Alkohol",
      "entries": [
        {
          "t": "2026-01-19T23:06:30.489722",
          "p": 1.99
        }
      ],
      "latest_price": 1.99,
      "price_per_unit": 3.98,
      "unit_label": "L",
      "url": "https://www.selver.ee/olu-originaal-talvelaager-saku-500-ml",
      "img": "https://www.selver.ee/img/450/440/resize/4/7/4740019004748.jpg",
      "store": "Selver",
      "is_sale": false
    },
    "Õlu Talveporter pudel, SAKU, 500 ml": {
      "category": "Selver:Lahja Alkohol",
      "entries": [
        {
          "t": "2026-01-19T23:06:30.489722",
          "p": 2.19
        }
      ],
      "latest_price": 2.19,
      "price_per_unit": 4.38,
      "unit_label": "L",
      "url": "https://www.selver.ee/olu-talveporter-pudel-saku-500-ml",
      "img": "https://www.selver.ee/img/450/440/resize/4/7/4740019004724.jpg",
      "store": "Selver",
      "is_sale": false
    },
    "Õlu Talveporter 4-pakk, SAKU, 4 x 500ml": {
      "category": "Selver:Lahja Alkohol",
      "entries": [
        {
          "t": "2026-01-19T23:06:30.489722",
          "p": 8.99
        }
      ],
      "latest_price": 8.99,
      "price_per_unit": 4.5,
      "unit_label": "L",
      "url": "https://www.selver.ee/olu-talveporter-4-pakk-saku-4-x-500ml",
      "img": "https://www.selver.ee/img/450/440/resize/4/7/4740019004755.jpg",
      "store": "Selver",
      "is_sale": false
    },
    "Muu alkohoolne jook Cocktail Pornstar Martini, KISS, 330 ml": {
      "category": "Selver:Lahja Alkohol",
      "entries": [
        {
          "t": "2026-01-19T23:06:30.489722",
          "p": 1.61
        },
        {
          "t": "2026-01-27T10:31:51.707194",
          "p": 1.29
        }
      ],
      "latest_price": 1.29,
      "price_per_unit": 3.91,
      "unit_label": "L",
      "url": "https://www.selver.ee/muu-alkohoolne-jook-cocktail-pornstar-martini-kiss-330-ml",
      "img": "https://www.selver.ee/img/450/440/resize/4/7/4740019004595.jpg",
      "store": "Selver",
      "is_sale": false
    },
    "Muu alkohoolne jook Cocktail Strawberry Daiquiri, KISS, 330 ml": {
      "category": "Selver:Lahja Alkohol",
      "entries": [
        {
          "t": "2026-01-19T23:06:30.489722",
          "p": 1.61
        },
        {
          "t": "2026-01-27T10:31:51.707194",
          "p": 1.29
        }
      ],
      "latest_price": 1.29,
      "price_per_unit": 3.91,
      "unit_label": "L",
      "url": "https://www.selver.ee/muu-alkohoolne-jook-cocktail-strawberry-daiquiri-kiss-330-ml",
      "img": "https://www.selver.ee/img/450/440/resize/4/7/4740019004588.jpg",
      "store": "Selver",
      "is_sale": false
    },
    "Original Long Drink, HARTWALL, 6 x 500ml": {
      "category": "Selver:Lahja Alkohol",
      "entries": [
        {
          "t": "2026-01-19T23:06:30.489722",
          "p": 13.99
        },
        {
          "t": "2026-01-27T10:31:51.707194",
          "p": 9.99
        }
      ],
      "latest_price": 9.99,
      "price_per_unit": 3.33,
      "unit_label": "L",
      "url": "https://www.selver.ee/original-long-drink-hartwall-6-x-500ml",
      "img": "data:image/gif;base64,R0lGODlhAQABAIAAAAAAAP///yH5BAEAAAAALAAAAAABAAEAAAIBRAA7",
      "store": "Selver",
      "is_sale": false
    },
    "Original Long Drink Glögg, HARTWALL,": {
      "category": "Selver:Lahja Alkohol",
      "entries": [
        {
          "t": "2026-01-19T23:06:30.489722",
          "p": 1.79
        }
      ],
      "latest_price": 1.79,
      "price_per_unit": 5.42,
      "unit_label": "L",
      "url": "https://www.selver.ee/original-long-drink-glogg-hartwall",
      "img": "https://www.selver.ee/img/450/440/resize/6/4/6413600334743.jpg",
      "store": "Selver"
    },
    "Saku Karl Friedrich 12-pakk": {
      "category": "Selver:Lahja Alkohol",
      "entries": [
        {
          "t": "2026-01-19T23:06:30.489722",
          "p": 10.99
        }
      ],
      "latest_price": 10.99,
      "price_per_unit": 2.78,
      "unit_label": "L",
      "url": "https://www.selver.ee/saku-karl-friedrich-12-pakk",
      "img": "data:image/gif;base64,R0lGODlhAQABAIAAAAAAAP///yH5BAEAAAAALAAAAAABAAEAAAIBRAA7",
      "store": "Selver",
      "is_sale": false
    },
    "Laua viin, LIVIKO, 50 cl": {
      "category": "Selver:Viinad",
      "entries": [
        {
          "t": "2026-01-19T23:06:30.489722",
          "p": 7.15
        }
      ],
      "latest_price": 7.15,
      "price_per_unit": 14.3,
      "unit_label": "L",
      "url": "https://www.selver.ee/laua-viin-liviko-50-cl",
      "img": "https://www.selver.ee/img/450/440/resize/4/7/4740050002123.jpg",
      "store": "Selver",
      "is_sale": false
    },
    "Laua viin, LIVIKO, 50 cl plast": {
      "category": "Selver:Viinad",
      "entries": [
        {
          "t": "2026-01-19T23:06:30.489722",
          "p": 7.99
        }
      ],
      "latest_price": 7.99,
      "price_per_unit": 15.98,
      "unit_label": "L",
      "url": "https://www.selver.ee/laua-viin-liviko-50-cl-plast",
      "img": "https://www.selver.ee/img/450/440/resize/4/7/4740050003663.jpg",
      "store": "Selver",
      "is_sale": false
    },
    "Laua viin, LIVIKO, 20 cl": {
      "category": "Selver:Viinad",
      "entries": [
        {
          "t": "2026-01-19T23:06:30.489722",
          "p": 4.33
        }
      ],
      "latest_price": 4.33,
      "price_per_unit": 21.65,
      "unit_label": "L",
      "url": "https://www.selver.ee/laua-viin-liviko-20-cl",
      "img": "https://www.selver.ee/img/450/440/resize/4/7/4740050002185.jpg",
      "store": "Selver",
      "is_sale": false
    },
    "Viin LIVIKO Katyusha, 50 cl": {
      "category": "Selver:Viinad",
      "entries": [
        {
          "t": "2026-01-19T23:06:30.489722",
          "p": 7.99
        }
      ],
      "latest_price": 7.99,
      "price_per_unit": 15.98,
      "unit_label": "L",
      "url": "https://www.selver.ee/viin-liviko-katyusha-50-cl",
      "img": "https://www.selver.ee/img/450/440/resize/4/7/4740050003403.jpg",
      "store": "Selver",
      "is_sale": false
    },
    "Viin ABSOLUT, 50 cl": {
      "category": "Selver:Viinad",
      "entries": [
        {
          "t": "2026-01-19T23:06:30.489722",
          "p": 11.99
        },
        {
          "t": "2026-01-27T10:31:51.707194",
          "p": 16.99
        }
      ],
      "latest_price": 16.99,
      "price_per_unit": 33.98,
      "unit_label": "L",
      "url": "https://www.selver.ee/viin-absolut-50-cl",
      "img": "https://www.selver.ee/img/450/440/resize/7/3/7312040017072.jpg",
      "store": "Selver",
      "is_sale": false
    },
    "Laua viin, LIVIKO, 70 cl": {
      "category": "Selver:Viinad",
      "entries": [
        {
          "t": "2026-01-19T23:06:30.489722",
          "p": 11.42
        }
      ],
      "latest_price": 11.42,
      "price_per_unit": 16.31,
      "unit_label": "L",
      "url": "https://www.selver.ee/laua-viin-liviko-70-cl",
      "img": "https://www.selver.ee/img/450/440/resize/4/7/4740050002628.jpg",
      "store": "Selver",
      "is_sale": false
    },
    "Laua viin, LIVIKO, 35 cl": {
      "category": "Selver:Viinad",
      "entries": [
        {
          "t": "2026-01-19T23:06:30.489722",
          "p": 6.57
        }
      ],
      "latest_price": 6.57,
      "price_per_unit": 18.77,
      "unit_label": "L",
      "url": "https://www.selver.ee/laua-viin-liviko-35-cl",
      "img": "https://www.selver.ee/img/450/440/resize/4/7/4740050002642.jpg",
      "store": "Selver",
      "is_sale": false
    },
    "Viin VIRU VALGE, 50 cl": {
      "category": "Selver:Viinad",
      "entries": [
        {
          "t": "2026-01-19T23:06:30.489722",
          "p": 7.99
        },
        {
          "t": "2026-01-19T23:06:30.489722",
          "p": 8.99
        },
        {
          "t": "2026-01-19T23:28:16.713140",
          "p": 7.99
        },
        {
          "t": "2026-01-19T23:28:16.713140",
          "p": 8.99
        },
        {
          "t": "2026-01-20T20:19:16.356742",
          "p": 7.99
        },
        {
          "t": "2026-01-20T20:19:16.356742",
          "p": 8.99
        },
        {
          "t": "2026-01-26T22:36:20.613384",
          "p": 7.99
        },
        {
          "t": "2026-01-26T22:36:20.613384",
          "p": 8.99
        },
        {
          "t": "2026-01-26T23:38:52.095158",
          "p": 7.99
        },
        {
          "t": "2026-01-26T23:38:52.095158",
          "p": 8.99
        },
        {
          "t": "2026-01-27T10:31:51.707194",
          "p": 10.99
        },
        {
          "t": "2026-01-27T10:31:51.707194",
          "p": 8.99
        },
        {
          "t": "2026-01-27T10:38:06.647216",
          "p": 10.99
        },
        {
          "t": "2026-01-27T10:38:06.647216",
          "p": 8.99
        },
        {
          "t": "2026-01-27T21:37:05.317891",
          "p": 10.99
        },
        {
          "t": "2026-01-27T21:37:05.317891",
          "p": 8.99
        }
      ],
      "latest_price": 8.99,
      "price_per_unit": 17.98,
      "unit_label": "L",
      "url": "https://www.selver.ee/viin-viru-valge-50-cl",
      "img": "https://www.selver.ee/img/450/440/resize/4/7/4740050002345.jpg",
      "store": "Selver",
      "is_sale": false
    },
    "Viin KOSKENKORVA, 50 cl": {
      "category": "Selver:Viinad",
      "entries": [
        {
          "t": "2026-01-19T23:06:30.489722",
          "p": 14.99
        },
        {
          "t": "2026-01-27T10:31:51.707194",
          "p": 10.99
        }
      ],
      "latest_price": 10.99,
      "price_per_unit": 21.98,
      "unit_label": "L",
      "url": "https://www.selver.ee/viin-koskenkorva-50-cl",
      "img": "data:image/gif;base64,R0lGODlhAQABAIAAAAAAAP///yH5BAEAAAAALAAAAAABAAEAAAIBRAA7",
      "store": "Selver",
      "is_sale": false
    },
    "Viin SAAREMAA, 20 cl": {
      "category": "Selver:Viinad",
      "entries": [
        {
          "t": "2026-01-19T23:06:30.489722",
          "p": 5.79
        }
      ],
      "latest_price": 5.79,
      "price_per_unit": 28.95,
      "unit_label": "L",
      "url": "https://www.selver.ee/viin-saaremaa-20-cl",
      "img": "data:image/gif;base64,R0lGODlhAQABAIAAAAAAAP///yH5BAEAAAAALAAAAAABAAEAAAIBRAA7",
      "store": "Selver",
      "is_sale": false
    },
    "Viin VIRU VALGE, 20 cl": {
      "category": "Selver:Viinad",
      "entries": [
        {
          "t": "2026-01-19T23:06:30.489722",
          "p": 3.99
        },
        {
          "t": "2026-01-27T10:31:51.707194",
          "p": 5.03
        }
      ],
      "latest_price": 5.03,
      "price_per_unit": 25.15,
      "unit_label": "L",
      "url": "https://www.selver.ee/viin-viru-valge-20-cl",
      "img": "data:image/gif;base64,R0lGODlhAQABAIAAAAAAAP///yH5BAEAAAAALAAAAAABAAEAAAIBRAA7",
      "store": "Selver",
      "is_sale": false
    },
    "Laua viin, LIVIKO, 10 cl": {
      "category": "Selver:Viinad",
      "entries": [
        {
          "t": "2026-01-19T23:06:30.489722",
          "p": 2.49
        }
      ],
      "latest_price": 2.49,
      "price_per_unit": 24.9,
      "unit_label": "L",
      "url": "https://www.selver.ee/laua-viin-liviko-10-cl",
      "img": "data:image/gif;base64,R0lGODlhAQABAIAAAAAAAP///yH5BAEAAAAALAAAAAABAAEAAAIBRAA7",
      "store": "Selver",
      "is_sale": false
    },
    "Valge viin, LIVIKO, 20 cl": {
      "category": "Selver:Viinad",
      "entries": [
        {
          "t": "2026-01-19T23:06:30.489722",
          "p": 4.35
        }
      ],
      "latest_price": 4.35,
      "price_per_unit": 21.75,
      "unit_label": "L",
      "url": "https://www.selver.ee/valge-viin-liviko-20-cl",
      "img": "https://www.selver.ee/img/450/440/resize/4/7/4740050001799.jpg",
      "store": "Selver",
      "is_sale": false
    },
    "Viin ABSOLUT, 70 cl": {
      "category": "Selver:Viinad",
      "entries": [
        {
          "t": "2026-01-19T23:06:30.489722",
          "p": 15.99
        }
      ],
      "latest_price": 15.99,
      "price_per_unit": 22.84,
      "unit_label": "L",
      "url": "https://www.selver.ee/viin-absolut-70-cl",
      "img": "https://www.selver.ee/img/450/440/resize/7/3/7312040017683.jpg",
      "store": "Selver",
      "is_sale": false
    },
    "Viin LIVIKO Valge Viin, 50 cl": {
      "category": "Selver:Viinad",
      "entries": [
        {
          "t": "2026-01-19T23:06:30.489722",
          "p": 8.59
        }
      ],
      "latest_price": 8.59,
      "price_per_unit": 17.18,
      "unit_label": "L",
      "url": "https://www.selver.ee/viin-liviko-valge-viin-50-cl",
      "img": "https://www.selver.ee/img/450/440/resize/4/7/4740050003335.jpg",
      "store": "Selver",
      "is_sale": false
    },
    "Viin VIRU VALGE , 70 cl": {
      "category": "Selver:Viinad",
      "entries": [
        {
          "t": "2026-01-19T23:06:30.489722",
          "p": 16.2
        }
      ],
      "latest_price": 16.2,
      "price_per_unit": 23.14,
      "unit_label": "L",
      "url": "https://www.selver.ee/viin-viru-valge-70-cl",
      "img": "https://www.selver.ee/img/450/440/resize/4/7/4740050002307.jpg",
      "store": "Selver",
      "is_sale": false
    },
    "Laua viin, LIVIKO, 100 cl": {
      "category": "Selver:Viinad",
      "entries": [
        {
          "t": "2026-01-19T23:06:30.489722",
          "p": 16.05
        }
      ],
      "latest_price": 16.05,
      "price_per_unit": 16.05,
      "unit_label": "L",
      "url": "https://www.selver.ee/laua-viin-liviko-100-cl",
      "img": "https://www.selver.ee/img/450/440/resize/4/7/4740050002611.jpg",
      "store": "Selver",
      "is_sale": false
    },
    "Viin HLIBNY DAR, 50 cl": {
      "category": "Selver:Viinad",
      "entries": [
        {
          "t": "2026-01-19T23:06:30.489722",
          "p": 10.99
        }
      ],
      "latest_price": 10.99,
      "price_per_unit": 21.98,
      "unit_label": "L",
      "url": "https://www.selver.ee/viin-hlibny-dar-50-cl",
      "img": "https://www.selver.ee/img/450/440/resize/4/8/4820080720577.jpg",
      "store": "Selver",
      "is_sale": false
    },
    "Pipra Naps, LIVIKO, 20 cl": {
      "category": "Selver:Viinad",
      "entries": [
        {
          "t": "2026-01-19T23:06:30.489722",
          "p": 3.99
        },
        {
          "t": "2026-01-27T10:31:51.707194",
          "p": 4.26
        }
      ],
      "latest_price": 4.26,
      "price_per_unit": 21.3,
      "unit_label": "L",
      "url": "https://www.selver.ee/pipra-naps-liviko-20-cl",
      "img": "https://www.selver.ee/img/450/440/resize/4/7/4740050001898.jpg",
      "store": "Selver",
      "is_sale": false
    },
    "Viin UKRAINKA Platinum, 50 cl": {
      "category": "Selver:Viinad",
      "entries": [
        {
          "t": "2026-01-19T23:06:30.489722",
          "p": 12.92
        },
        {
          "t": "2026-01-27T10:31:51.707194",
          "p": 10.59
        }
      ],
      "latest_price": 10.59,
      "price_per_unit": 21.18,
      "unit_label": "L",
      "url": "https://www.selver.ee/viin-ukrainka-platinum-50-cl",
      "img": "https://www.selver.ee/img/450/440/resize/4/8/4820024227117.jpg",
      "store": "Selver",
      "is_sale": false
    },
    "Pipra Naps, LIVIKO, 35 cl": {
      "category": "Selver:Viinad",
      "entries": [
        {
          "t": "2026-01-19T23:06:30.489722",
          "p": 5.99
        },
        {
          "t": "2026-01-27T10:31:51.707194",
          "p": 7.92
        }
      ],
      "latest_price": 7.92,
      "price_per_unit": 22.63,
      "unit_label": "L",
      "url": "https://www.selver.ee/pipra-naps-liviko-35-cl",
      "img": "https://www.selver.ee/img/450/440/resize/4/7/4740050001218.jpg",
      "store": "Selver",
      "is_sale": false
    },
    "Viin TALU 20cl": {
      "category": "Selver:Viinad",
      "entries": [
        {
          "t": "2026-01-19T23:06:30.489722",
          "p": 4.25
        }
      ],
      "latest_price": 4.25,
      "price_per_unit": 21.25,
      "unit_label": "L",
      "url": "https://www.selver.ee/viin-talu-20cl",
      "img": "https://www.selver.ee/img/450/440/resize/4/7/4740034016559.jpg",
      "store": "Selver",
      "is_sale": false
    },
    "Viin ABSOLUT 100 cl": {
      "category": "Selver:Viinad",
      "entries": [
        {
          "t": "2026-01-19T23:06:30.489722",
          "p": 28.97
        },
        {
          "t": "2026-01-27T10:31:51.707194",
          "p": 22.99
        }
      ],
      "latest_price": 22.99,
      "price_per_unit": 22.99,
      "unit_label": "L",
      "url": "https://www.selver.ee/viin-absolut-100-cl",
      "img": "https://www.selver.ee/img/450/440/resize/7/3/7312040017034.jpg",
      "store": "Selver",
      "is_sale": false
    },
    "Viin HLIBNY DAR, 70 cl": {
      "category": "Selver:Viinad",
      "entries": [
        {
          "t": "2026-01-19T23:06:30.489722",
          "p": 17.05
        }
      ],
      "latest_price": 17.05,
      "price_per_unit": 24.36,
      "unit_label": "L",
      "url": "https://www.selver.ee/viin-hlibny-dar-70-cl",
      "img": "https://www.selver.ee/img/450/440/resize/4/8/4820080720584.jpg",
      "store": "Selver",
      "is_sale": false
    },
    "Viin VIRU VALGE, 35 cl": {
      "category": "Selver:Viinad",
      "entries": [
        {
          "t": "2026-01-19T23:06:30.489722",
          "p": 6.59
        },
        {
          "t": "2026-01-27T10:31:51.707194",
          "p": 7.82
        }
      ],
      "latest_price": 7.82,
      "price_per_unit": 22.34,
      "unit_label": "L",
      "url": "https://www.selver.ee/viin-viru-valge-35-cl",
      "img": "https://www.selver.ee/img/450/440/resize/4/7/4740050002284.jpg",
      "store": "Selver",
      "is_sale": false
    },
    "Viin LIVIKO Katyusha, 35 cl": {
      "category": "Selver:Viinad",
      "entries": [
        {
          "t": "2026-01-19T23:06:30.489722",
          "p": 6.55
        }
      ],
      "latest_price": 6.55,
      "price_per_unit": 18.71,
      "unit_label": "L",
      "url": "https://www.selver.ee/viin-liviko-katyusha-35-cl",
      "img": "https://www.selver.ee/img/450/440/resize/4/7/4740050003458.jpg",
      "store": "Selver",
      "is_sale": false
    },
    "Pipra Naps meega, LIVIKO, 50 cl": {
      "category": "Selver:Viinad",
      "entries": [
        {
          "t": "2026-01-19T23:06:30.489722",
          "p": 8.79
        },
        {
          "t": "2026-01-27T10:31:51.707194",
          "p": 10.46
        }
      ],
      "latest_price": 10.46,
      "price_per_unit": 20.92,
      "unit_label": "L",
      "url": "https://www.selver.ee/pipra-naps-meega-liviko-50-cl",
      "img": "https://www.selver.ee/img/450/440/resize/4/7/4740050003830.jpg",
      "store": "Selver",
      "is_sale": false
    },
    "Pipra Naps, LIVIKO, 50 cl": {
      "category": "Selver:Viinad",
      "entries": [
        {
          "t": "2026-01-19T23:06:30.489722",
          "p": 11.59
        }
      ],
      "latest_price": 11.59,
      "price_per_unit": 23.18,
      "unit_label": "L",
      "url": "https://www.selver.ee/pipra-naps-liviko-50-cl",
      "img": "https://www.selver.ee/img/450/440/resize/4/7/4740050001225.jpg",
      "store": "Selver",
      "is_sale": false
    },
    "Viin SAAREMAA, 100 cl": {
      "category": "Selver:Viinad",
      "entries": [
        {
          "t": "2026-01-19T23:06:30.489722",
          "p": 22.89
        }
      ],
      "latest_price": 22.89,
      "price_per_unit": 22.89,
      "unit_label": "L",
      "url": "https://www.selver.ee/viin-saaremaa-100-cl",
      "img": "https://www.selver.ee/img/450/440/resize/4/7/4740054002518.jpg",
      "store": "Selver",
      "is_sale": false
    },
    "Muu piiritusjook LIVIKO Pipra Naps, 10 cl": {
      "category": "Selver:Viinad",
      "entries": [
        {
          "t": "2026-01-19T23:06:30.489722",
          "p": 1.99
        },
        {
          "t": "2026-01-27T10:31:51.707194",
          "p": 2.33
        }
      ],
      "latest_price": 2.33,
      "price_per_unit": 23.3,
      "unit_label": "L",
      "url": "https://www.selver.ee/muu-piiritusjook-liviko-pipra-naps-10-cl",
      "img": "https://www.selver.ee/img/450/440/resize/4/7/4740050006626.jpg",
      "store": "Selver",
      "is_sale": false
    },
    "Viin VIRU VALGE Vägev, 50 cl": {
      "category": "Selver:Viinad",
      "entries": [
        {
          "t": "2026-01-19T23:06:30.489722",
          "p": 19.37
        }
      ],
      "latest_price": 19.37,
      "price_per_unit": 38.74,
      "unit_label": "L",
      "url": "https://www.selver.ee/viin-viru-valge-vagev-50-cl",
      "img": "https://www.selver.ee/img/450/440/resize/4/7/4740050002369.jpg",
      "store": "Selver",
      "is_sale": false
    },
    "Pipra Naps ingveriga, LIVIKO, 35 cl": {
      "category": "Selver:Viinad",
      "entries": [
        {
          "t": "2026-01-19T23:06:30.489722",
          "p": 5.99
        },
        {
          "t": "2026-01-27T10:31:51.707194",
          "p": 7.92
        }
      ],
      "latest_price": 7.92,
      "price_per_unit": 22.63,
      "unit_label": "L",
      "url": "https://www.selver.ee/pipra-naps-ingveriga-liviko-35-cl",
      "img": "data:image/gif;base64,R0lGODlhAQABAIAAAAAAAP///yH5BAEAAAAALAAAAAABAAEAAAIBRAA7",
      "store": "Selver",
      "is_sale": false
    },
    "Viin Hõbe 50 cl": {
      "category": "Selver:Viinad",
      "entries": [
        {
          "t": "2026-01-19T23:06:30.489722",
          "p": 11.99
        }
      ],
      "latest_price": 11.99,
      "price_per_unit": 23.98,
      "unit_label": "L",
      "url": "https://www.selver.ee/viin-hobe-50-cl",
      "img": "data:image/gif;base64,R0lGODlhAQABAIAAAAAAAP///yH5BAEAAAAALAAAAAABAAEAAAIBRAA7",
      "store": "Selver",
      "is_sale": false
    },
    "Viin VIRU VALGE Cranberry, 50 cl": {
      "category": "Selver:Viinad",
      "entries": [
        {
          "t": "2026-01-19T23:06:30.489722",
          "p": 8.99
        },
        {
          "t": "2026-01-27T10:31:51.707194",
          "p": 10.95
        }
      ],
      "latest_price": 10.95,
      "price_per_unit": 21.9,
      "unit_label": "L",
      "url": "https://www.selver.ee/viin-viru-valge-cranberry-50-cl",
      "img": "data:image/gif;base64,R0lGODlhAQABAIAAAAAAAP///yH5BAEAAAAALAAAAAABAAEAAAIBRAA7",
      "store": "Selver",
      "is_sale": false
    },
    "Viin MOSKOVSKAYA Osobaya, 50 cl": {
      "category": "Selver:Viinad",
      "entries": [
        {
          "t": "2026-01-19T23:06:30.489722",
          "p": 14.39
        },
        {
          "t": "2026-01-27T10:31:51.707194",
          "p": 9.19
        }
      ],
      "latest_price": 9.19,
      "price_per_unit": 18.38,
      "unit_label": "L",
      "url": "https://www.selver.ee/viin-moskovskaya-osobaya-50-cl",
      "img": "data:image/gif;base64,R0lGODlhAQABAIAAAAAAAP///yH5BAEAAAAALAAAAAABAAEAAAIBRAA7",
      "store": "Selver",
      "is_sale": false
    },
    "Viin Hõbe Mild 70 cl": {
      "category": "Selver:Viinad",
      "entries": [
        {
          "t": "2026-01-19T23:06:30.489722",
          "p": 21.39
        }
      ],
      "latest_price": 21.39,
      "price_per_unit": 30.56,
      "unit_label": "L",
      "url": "https://www.selver.ee/viin-hobe-mild-70-cl",
      "img": "https://www.selver.ee/img/450/440/resize/4/7/4740050007838.jpg",
      "store": "Selver",
      "is_sale": false
    },
    "Viin SAAREMAA, 50 cl": {
      "category": "Selver:Viinad",
      "entries": [
        {
          "t": "2026-01-19T23:06:30.489722",
          "p": 12.19
        }
      ],
      "latest_price": 12.19,
      "price_per_unit": 24.38,
      "unit_label": "L",
      "url": "https://www.selver.ee/viin-saaremaa-50-cl",
      "img": "https://www.selver.ee/img/450/440/resize/4/7/4740054002464.jpg",
      "store": "Selver",
      "is_sale": false
    },
    "Viin UKRAINKA, 50 cl": {
      "category": "Selver:Viinad",
      "entries": [
        {
          "t": "2026-01-19T23:06:30.489722",
          "p": 9.99
        }
      ],
      "latest_price": 9.99,
      "price_per_unit": 19.98,
      "unit_label": "L",
      "url": "https://www.selver.ee/viin-ukrainka-50-cl",
      "img": "https://www.selver.ee/img/450/440/resize/4/8/4820024226219.jpg",
      "store": "Selver",
      "is_sale": false
    },
    "Viin SMIRNOFF Red, 50 cl": {
      "category": "Selver:Viinad",
      "entries": [
        {
          "t": "2026-01-19T23:06:30.489722",
          "p": 10.99
        },
        {
          "t": "2026-01-27T10:31:51.707194",
          "p": 15.13
        }
      ],
      "latest_price": 15.13,
      "price_per_unit": 30.26,
      "unit_label": "L",
      "url": "https://www.selver.ee/viin-smirnoff-red-50-cl",
      "img": "https://www.selver.ee/img/450/440/resize/5/4/5410316072014.jpg",
      "store": "Selver",
      "is_sale": false
    },
    "Viin NIPERNAADI jõhvika, 20 cl": {
      "category": "Selver:Viinad",
      "entries": [
        {
          "t": "2026-01-19T23:06:30.489722",
          "p": 5.39
        }
      ],
      "latest_price": 5.39,
      "price_per_unit": 26.95,
      "unit_label": "L",
      "url": "https://www.selver.ee/viin-nipernaadi-johvika-20-cl",
      "img": "https://www.selver.ee/img/450/440/resize/4/7/4740158005385.jpg",
      "store": "Selver",
      "is_sale": false
    },
    "Viin KHORTYTSA Classic, 70 cl": {
      "category": "Selver:Viinad",
      "entries": [
        {
          "t": "2026-01-19T23:06:30.489722",
          "p": 12.49
        },
        {
          "t": "2026-01-27T10:31:51.707194",
          "p": 14.22
        }
      ],
      "latest_price": 14.22,
      "price_per_unit": 20.31,
      "unit_label": "L",
      "url": "https://www.selver.ee/viin-khortytsa-classic-70-cl",
      "img": "https://www.selver.ee/img/450/440/resize/4/8/4820229031281.jpg",
      "store": "Selver",
      "is_sale": false
    },
    "Viin STUMBRAS jõhvika, 50 cl": {
      "category": "Selver:Viinad",
      "entries": [
        {
          "t": "2026-01-19T23:06:30.489722",
          "p": 14.12
        },
        {
          "t": "2026-01-27T10:31:51.707194",
          "p": 9.99
        }
      ],
      "latest_price": 9.99,
      "price_per_unit": 19.98,
      "unit_label": "L",
      "url": "https://www.selver.ee/viin-stumbras-johvika-50-cl",
      "img": "https://www.selver.ee/img/450/440/resize/4/7/4770033228240.jpg",
      "store": "Selver",
      "is_sale": false
    },
    "Viin NEMIROFF Delikat 20 cl": {
      "category": "Selver:Viinad",
      "entries": [
        {
          "t": "2026-01-19T23:06:30.489722",
          "p": 5.99
        }
      ],
      "latest_price": 5.99,
      "price_per_unit": 29.95,
      "unit_label": "L",
      "url": "https://www.selver.ee/viin-nemiroff-delikat-20-cl",
      "img": "https://www.selver.ee/img/450/440/resize/4/8/4820181423339.jpg",
      "store": "Selver",
      "is_sale": false
    },
    "Viin ARSENITCH, 50 cl": {
      "category": "Selver:Viinad",
      "entries": [
        {
          "t": "2026-01-19T23:06:30.489722",
          "p": 12.59
        }
      ],
      "latest_price": 12.59,
      "price_per_unit": 25.18,
      "unit_label": "L",
      "url": "https://www.selver.ee/viin-arsenitch-50-cl",
      "img": "https://www.selver.ee/img/450/440/resize/4/7/4750129090111.jpg",
      "store": "Selver",
      "is_sale": false
    },
    "Viin VIRU VALGE, 100 cl": {
      "category": "Selver:Viinad",
      "entries": [
        {
          "t": "2026-01-19T23:06:30.489722",
          "p": 22.73
        }
      ],
      "latest_price": 22.73,
      "price_per_unit": 22.73,
      "unit_label": "L",
      "url": "https://www.selver.ee/viin-viru-valge-100-cl",
      "img": "https://www.selver.ee/img/450/440/resize/4/7/4740050002314.jpg",
      "store": "Selver",
      "is_sale": false
    },
    "Viin UKRAINKA Honey and Pepper, 50 cl": {
      "category": "Selver:Viinad",
      "entries": [
        {
          "t": "2026-01-19T23:06:30.489722",
          "p": 12.92
        },
        {
          "t": "2026-01-27T10:31:51.707194",
          "p": 10.59
        }
      ],
      "latest_price": 10.59,
      "price_per_unit": 21.18,
      "unit_label": "L",
      "url": "https://www.selver.ee/viin-ukrainka-honey-and-pepper-50-cl",
      "img": "https://www.selver.ee/img/450/440/resize/4/8/4820024227858.jpg",
      "store": "Selver",
      "is_sale": false
    },
    "Viin VIRU VALGE Rhubarb, 50 cl": {
      "category": "Selver:Viinad",
      "entries": [
        {
          "t": "2026-01-19T23:06:30.489722",
          "p": 8.99
        },
        {
          "t": "2026-01-27T10:31:51.707194",
          "p": 10.95
        }
      ],
      "latest_price": 10.95,
      "price_per_unit": 21.9,
      "unit_label": "L",
      "url": "https://www.selver.ee/viin-viru-valge-rhubarb-50-cl",
      "img": "https://www.selver.ee/img/450/440/resize/4/7/4740050007593.jpg",
      "store": "Selver",
      "is_sale": false
    },
    "Viin PEREPELKA Classic, 50 cl": {
      "category": "Selver:Viinad",
      "entries": [
        {
          "t": "2026-01-19T23:06:30.489722",
          "p": 12.79
        },
        {
          "t": "2026-01-27T10:31:51.707194",
          "p": 10.59
        }
      ],
      "latest_price": 10.59,
      "price_per_unit": 21.18,
      "unit_label": "L",
      "url": "https://www.selver.ee/viin-perepelka-classic-50-cl",
      "img": "https://www.selver.ee/img/450/440/resize/4/8/4820080725398.jpg",
      "store": "Selver",
      "is_sale": false
    },
    "Viin NIPERNAADI jõhvika, 50 cl": {
      "category": "Selver:Viinad",
      "entries": [
        {
          "t": "2026-01-19T23:06:30.489722",
          "p": 13.75
        }
      ],
      "latest_price": 13.75,
      "price_per_unit": 27.5,
      "unit_label": "L",
      "url": "https://www.selver.ee/viin-nipernaadi-johvika-50-cl",
      "img": "https://www.selver.ee/img/450/440/resize/4/7/4740158001189.jpg",
      "store": "Selver",
      "is_sale": false
    },
    "Viin STUMBRAS 50 cl": {
      "category": "Selver:Viinad",
      "entries": [
        {
          "t": "2026-01-19T23:06:30.489722",
          "p": 14.22
        },
        {
          "t": "2026-01-27T10:31:51.707194",
          "p": 9.99
        }
      ],
      "latest_price": 9.99,
      "price_per_unit": 19.98,
      "unit_label": "L",
      "url": "https://www.selver.ee/viin-stumbras-50-cl",
      "img": "https://www.selver.ee/img/450/440/resize/4/7/4770033224716.jpg",
      "store": "Selver",
      "is_sale": false
    },
    "Viin SAAREMAA mustsõstar, 50 cl": {
      "category": "Selver:Viinad",
      "entries": [
        {
          "t": "2026-01-19T23:06:30.489722",
          "p": 12.19
        }
      ],
      "latest_price": 12.19,
      "price_per_unit": 24.38,
      "unit_label": "L",
      "url": "https://www.selver.ee/viin-saaremaa-mustsostar-50-cl",
      "img": "https://www.selver.ee/img/450/440/resize/4/7/4740054361677.jpg",
      "store": "Selver",
      "is_sale": false
    },
    "Viin SAAREMAA Jõhvikas, 50 cl": {
      "category": "Selver:Viinad",
      "entries": [
        {
          "t": "2026-01-19T23:06:30.489722",
          "p": 12.19
        }
      ],
      "latest_price": 12.19,
      "price_per_unit": 24.38,
      "unit_label": "L",
      "url": "https://www.selver.ee/viin-saaremaa-johvikas-50-cl",
      "img": "https://www.selver.ee/img/450/440/resize/4/7/4740054364869.jpg",
      "store": "Selver",
      "is_sale": false
    },
    "Viin MOE 1886 mahe, 70 cl": {
      "category": "Selver:Viinad",
      "entries": [
        {
          "t": "2026-01-19T23:06:30.489722",
          "p": 21.99
        }
      ],
      "latest_price": 21.99,
      "price_per_unit": 31.41,
      "unit_label": "L",
      "url": "https://www.selver.ee/viin-moe-1886-mahe-70-cl",
      "img": "https://www.selver.ee/img/450/440/resize/4/7/4742716000443.jpg",
      "store": "Selver",
      "is_sale": false
    },
    "Viin MOE 1886, 70 cl": {
      "category": "Selver:Viinad",
      "entries": [
        {
          "t": "2026-01-19T23:06:30.489722",
          "p": 20.49
        }
      ],
      "latest_price": 20.49,
      "price_per_unit": 29.27,
      "unit_label": "L",
      "url": "https://www.selver.ee/viin-moe-1886-70-cl",
      "img": "https://www.selver.ee/img/450/440/resize/4/7/4742716000405.jpg",
      "store": "Selver",
      "is_sale": false
    },
    "Viin SAAREMAA Pööriöö, 50 cl": {
      "category": "Selver:Viinad",
      "entries": [
        {
          "t": "2026-01-19T23:06:30.489722",
          "p": 15.99
        }
      ],
      "latest_price": 15.99,
      "price_per_unit": 31.98,
      "unit_label": "L",
      "url": "https://www.selver.ee/viin-saaremaa-poorioo-50-cl",
      "img": "https://www.selver.ee/img/450/440/resize/4/7/4740054029898.jpg",
      "store": "Selver",
      "is_sale": false
    },
    "Viin NEMIROFF Honey Pepper, 50 cl": {
      "category": "Selver:Viinad",
      "entries": [
        {
          "t": "2026-01-19T23:06:30.489722",
          "p": 13.79
        }
      ],
      "latest_price": 13.79,
      "price_per_unit": 27.58,
      "unit_label": "L",
      "url": "https://www.selver.ee/viin-nemiroff-honey-pepper-50-cl",
      "img": "data:image/gif;base64,R0lGODlhAQABAIAAAAAAAP///yH5BAEAAAAALAAAAAABAAEAAAIBRAA7",
      "store": "Selver",
      "is_sale": false
    },
    "Viin Hõbe mahe, 70cl": {
      "category": "Selver:Viinad",
      "entries": [
        {
          "t": "2026-01-19T23:06:30.489722",
          "p": 22.79
        }
      ],
      "latest_price": 22.79,
      "price_per_unit": 32.56,
      "unit_label": "L",
      "url": "https://www.selver.ee/viin-hobe-mahe-70cl",
      "img": "data:image/gif;base64,R0lGODlhAQABAIAAAAAAAP///yH5BAEAAAAALAAAAAABAAEAAAIBRAA7",
      "store": "Selver",
      "is_sale": false
    },
    "Viin VIRU VALGE Plum 50 cl": {
      "category": "Selver:Viinad",
      "entries": [
        {
          "t": "2026-01-19T23:06:30.489722",
          "p": 8.99
        },
        {
          "t": "2026-01-27T10:31:51.707194",
          "p": 10.95
        }
      ],
      "latest_price": 10.95,
      "price_per_unit": 21.9,
      "unit_label": "L",
      "url": "https://www.selver.ee/viin-viru-valge-plum-50-cl",
      "img": "data:image/gif;base64,R0lGODlhAQABAIAAAAAAAP///yH5BAEAAAAALAAAAAABAAEAAAIBRAA7",
      "store": "Selver",
      "is_sale": false
    },
    "Viin KHORTYTSA Platinum, 50 cl": {
      "category": "Selver:Viinad",
      "entries": [
        {
          "t": "2026-01-19T23:06:30.489722",
          "p": 9.79
        },
        {
          "t": "2026-01-27T10:31:51.707194",
          "p": 12.19
        }
      ],
      "latest_price": 12.19,
      "price_per_unit": 24.38,
      "unit_label": "L",
      "url": "https://www.selver.ee/viin-khortytsa-platinum-50-cl",
      "img": "data:image/gif;base64,R0lGODlhAQABAIAAAAAAAP///yH5BAEAAAAALAAAAAABAAEAAAIBRAA7",
      "store": "Selver",
      "is_sale": false
    },
    "Viin Hõbe, 70 cl": {
      "category": "Selver:Viinad",
      "entries": [
        {
          "t": "2026-01-19T23:06:30.489722",
          "p": 22.89
        }
      ],
      "latest_price": 22.89,
      "price_per_unit": 32.7,
      "unit_label": "L",
      "url": "https://www.selver.ee/viin-hobe-70-cl",
      "img": "https://www.selver.ee/img/450/440/resize/4/7/4740050007319.jpg",
      "store": "Selver",
      "is_sale": false
    },
    "Viin SAAREMAA Mild, 50 cl": {
      "category": "Selver:Viinad",
      "entries": [
        {
          "t": "2026-01-19T23:06:30.489722",
          "p": 12.55
        }
      ],
      "latest_price": 12.55,
      "price_per_unit": 25.1,
      "unit_label": "L",
      "url": "https://www.selver.ee/viin-saaremaa-mild-50-cl",
      "img": "https://www.selver.ee/img/450/440/resize/4/7/4740054361950.jpg",
      "store": "Selver",
      "is_sale": false
    },
    "Viin KHORTYTSA Silver Cool, 50cl": {
      "category": "Selver:Viinad",
      "entries": [
        {
          "t": "2026-01-19T23:06:30.489722",
          "p": 9.79
        },
        {
          "t": "2026-01-27T10:31:51.707194",
          "p": 12.19
        }
      ],
      "latest_price": 12.19,
      "price_per_unit": 24.38,
      "unit_label": "L",
      "url": "https://www.selver.ee/viin-khortytsa-silver-cool-50cl",
      "img": "https://www.selver.ee/img/450/440/resize/4/8/4820229031212.jpg",
      "store": "Selver",
      "is_sale": false
    },
    "Viin NEMIROFF Delikat, 50 cl": {
      "category": "Selver:Viinad",
      "entries": [
        {
          "t": "2026-01-19T23:06:30.489722",
          "p": 9.99
        },
        {
          "t": "2026-01-27T10:31:51.707194",
          "p": 13.99
        }
      ],
      "latest_price": 13.99,
      "price_per_unit": 27.98,
      "unit_label": "L",
      "url": "https://www.selver.ee/viin-nemiroff-delikat-50-cl",
      "img": "https://www.selver.ee/img/450/440/resize/4/8/4820181420437.jpg",
      "store": "Selver",
      "is_sale": false
    },
    "Viin SMIRNOFF Red, 70 cl": {
      "category": "Selver:Viinad",
      "entries": [
        {
          "t": "2026-01-19T23:06:30.489722",
          "p": 22.15
        },
        {
          "t": "2026-01-26T22:36:20.613384",
          "p": 18.99
        },
        {
          "t": "2026-01-27T10:31:51.707194",
          "p": 14.99
        }
      ],
      "latest_price": 14.99,
      "price_per_unit": 21.41,
      "unit_label": "L",
      "url": "https://www.selver.ee/viin-smirnoff-red-70-cl",
      "img": "https://www.selver.ee/img/450/440/resize/5/4/5410316519724.jpg",
      "store": "Selver",
      "is_sale": false
    },
    "Viin MOROSHA Spring, 20 cl": {
      "category": "Selver:Viinad",
      "entries": [
        {
          "t": "2026-01-19T23:06:30.489722",
          "p": 5.78
        }
      ],
      "latest_price": 5.78,
      "price_per_unit": 28.9,
      "unit_label": "L",
      "url": "https://www.selver.ee/viin-morosha-spring-20-cl",
      "img": "https://www.selver.ee/img/450/440/resize/4/8/4820229030413.jpg",
      "store": "Selver",
      "is_sale": false
    },
    "Viin KHORTYTSA Classic, 50 cl": {
      "category": "Selver:Viinad",
      "entries": [
        {
          "t": "2026-01-19T23:06:30.489722",
          "p": 9.29
        },
        {
          "t": "2026-01-27T10:31:51.707194",
          "p": 10.97
        }
      ],
      "latest_price": 10.97,
      "price_per_unit": 21.94,
      "unit_label": "L",
      "url": "https://www.selver.ee/viin-khortytsa-classic-50-cl",
      "img": "https://www.selver.ee/img/450/440/resize/4/8/4820229031274.jpg",
      "store": "Selver",
      "is_sale": false
    },
    "Viin SAAREMAA Apelsin 50cl": {
      "category": "Selver:Viinad",
      "entries": [
        {
          "t": "2026-01-19T23:06:30.489722",
          "p": 12.19
        }
      ],
      "latest_price": 12.19,
      "price_per_unit": 24.38,
      "unit_label": "L",
      "url": "https://www.selver.ee/viin-saaremaa-apelsin-50cl",
      "img": "https://www.selver.ee/img/450/440/resize/4/7/4740054365026.jpg",
      "store": "Selver",
      "is_sale": false
    },
    "Viin Hõbe (tuubis), 70 cl": {
      "category": "Selver:Viinad",
      "entries": [
        {
          "t": "2026-01-19T23:06:30.489722",
          "p": 24.29
        }
      ],
      "latest_price": 24.29,
      "price_per_unit": 34.7,
      "unit_label": "L",
      "url": "https://www.selver.ee/viin-hobe-tuubis-70-cl",
      "img": "https://www.selver.ee/img/450/440/resize/4/7/4740050007418.jpg",
      "store": "Selver",
      "is_sale": false
    },
    "Viin MOROSHA Spring, 50 cl": {
      "category": "Selver:Viinad",
      "entries": [
        {
          "t": "2026-01-19T23:06:30.489722",
          "p": 11.68
        }
      ],
      "latest_price": 11.68,
      "price_per_unit": 23.36,
      "unit_label": "L",
      "url": "https://www.selver.ee/viin-morosha-spring-50-cl",
      "img": "https://www.selver.ee/img/450/440/resize/4/8/4820229030420.jpg",
      "store": "Selver",
      "is_sale": false
    },
    "Viin BELLINGSHAUSEN, 70 cl": {
      "category": "Selver:Viinad",
      "entries": [
        {
          "t": "2026-01-19T23:06:30.489722",
          "p": 19.25
        },
        {
          "t": "2026-01-27T10:31:51.707194",
          "p": 14.99
        }
      ],
      "latest_price": 14.99,
      "price_per_unit": 21.41,
      "unit_label": "L",
      "url": "https://www.selver.ee/viin-bellingshausen-70-cl",
      "img": "https://www.selver.ee/img/450/440/resize/4/7/4740050008125.jpg",
      "store": "Selver",
      "is_sale": false
    },
    "Viin ABSOLUT 35 cl": {
      "category": "Selver:Viinad",
      "entries": [
        {
          "t": "2026-01-19T23:06:30.489722",
          "p": 12.8
        }
      ],
      "latest_price": 12.8,
      "price_per_unit": 36.57,
      "unit_label": "L",
      "url": "https://www.selver.ee/viin-absolut-35-cl",
      "img": "https://www.selver.ee/img/450/440/resize/7/3/7312040017355.jpg",
      "store": "Selver",
      "is_sale": false
    },
    "Viin ABSOLUT Passionfruit 70 cl": {
      "category": "Selver:Viinad",
      "entries": [
        {
          "t": "2026-01-19T23:06:30.489722",
          "p": 17.99
        },
        {
          "t": "2026-01-27T10:31:51.707194",
          "p": 24.9
        }
      ],
      "latest_price": 24.9,
      "price_per_unit": 35.57,
      "unit_label": "L",
      "url": "https://www.selver.ee/viin-absolut-passionfruit-70-cl",
      "img": "https://www.selver.ee/img/450/440/resize/7/3/7312040350339.jpg",
      "store": "Selver",
      "is_sale": false
    },
    "Viin J.J. KURBERG Moe Pipar, 50 cl": {
      "category": "Selver:Viinad",
      "entries": [
        {
          "t": "2026-01-19T23:06:30.489722",
          "p": 23.19
        }
      ],
      "latest_price": 23.19,
      "price_per_unit": 46.38,
      "unit_label": "L",
      "url": "https://www.selver.ee/viin-j-j-kurberg-moe-pipar-50-cl",
      "img": "https://www.selver.ee/img/450/440/resize/4/7/4742716003345.jpg",
      "store": "Selver",
      "is_sale": false
    },
    "Viin ABSOLUT Vanilia 70cl": {
      "category": "Selver:Viinad",
      "entries": [
        {
          "t": "2026-01-19T23:06:30.489722",
          "p": 17.99
        },
        {
          "t": "2026-01-27T10:31:51.707194",
          "p": 24.9
        }
      ],
      "latest_price": 24.9,
      "price_per_unit": 35.57,
      "unit_label": "L",
      "url": "https://www.selver.ee/viin-absolut-vanilia-70cl",
      "img": "https://www.selver.ee/img/450/440/resize/7/3/7312040350100.jpg",
      "store": "Selver",
      "is_sale": false
    },
    "Viin PEREPELKA Molochna, 50 cl": {
      "category": "Selver:Viinad",
      "entries": [
        {
          "t": "2026-01-19T23:06:30.489722",
          "p": 12.75
        }
      ],
      "latest_price": 12.75,
      "price_per_unit": 25.5,
      "unit_label": "L",
      "url": "https://www.selver.ee/viin-perepelka-molochna-50-cl",
      "img": "https://www.selver.ee/img/450/440/resize/4/8/4823098204640.jpg",
      "store": "Selver",
      "is_sale": false
    },
    "Viin SILVER SWAN 1688 Pure Rye, 70 cl": {
      "category": "Selver:Viinad",
      "entries": [
        {
          "t": "2026-01-19T23:06:30.489722",
          "p": 28.19
        }
      ],
      "latest_price": 28.19,
      "price_per_unit": 40.27,
      "unit_label": "L",
      "url": "https://www.selver.ee/viin-silver-swan-1688-pure-rye-70-cl",
      "img": "https://www.selver.ee/img/450/440/resize/4/7/4742716000887.jpg",
      "store": "Selver",
      "is_sale": false
    },
    "Viin NEMIROFF Original, 50 cl": {
      "category": "Selver:Viinad",
      "entries": [
        {
          "t": "2026-01-19T23:06:30.489722",
          "p": 13.79
        }
      ],
      "latest_price": 13.79,
      "price_per_unit": 27.58,
      "unit_label": "L",
      "url": "https://www.selver.ee/viin-nemiroff-original-50-cl",
      "img": "https://www.selver.ee/img/450/440/resize/4/8/4820181420611.jpg",
      "store": "Selver",
      "is_sale": false
    },
    "Viin SAARE Vodka 50 cl": {
      "category": "Selver:Viinad",
      "entries": [
        {
          "t": "2026-01-19T23:06:30.489722",
          "p": 10.15
        }
      ],
      "latest_price": 10.15,
      "price_per_unit": 20.3,
      "unit_label": "L",
      "url": "https://www.selver.ee/viin-saare-vodka-50-cl",
      "img": "https://www.selver.ee/img/450/440/resize/4/7/4740077014468.jpg",
      "store": "Selver",
      "is_sale": false
    },
    "Viin J.J. KURBERG Moe Kanep, 50 cl": {
      "category": "Selver:Viinad",
      "entries": [
        {
          "t": "2026-01-19T23:06:30.489722",
          "p": 23.19
        }
      ],
      "latest_price": 23.19,
      "price_per_unit": 46.38,
      "unit_label": "L",
      "url": "https://www.selver.ee/viin-j-j-kurberg-moe-kanep-50-cl",
      "img": "https://www.selver.ee/img/450/440/resize/4/7/4742716009859.jpg",
      "store": "Selver",
      "is_sale": false
    },
    "Viin ABSOLUT Pears 70 cl": {
      "category": "Selver:Viinad",
      "entries": [
        {
          "t": "2026-01-19T23:06:30.489722",
          "p": 17.99
        },
        {
          "t": "2026-01-27T10:31:51.707194",
          "p": 24.9
        }
      ],
      "latest_price": 24.9,
      "price_per_unit": 35.57,
      "unit_label": "L",
      "url": "https://www.selver.ee/viin-absolut-pears-70-cl",
      "img": "data:image/gif;base64,R0lGODlhAQABAIAAAAAAAP///yH5BAEAAAAALAAAAAABAAEAAAIBRAA7",
      "store": "Selver",
      "is_sale": false
    },
    "Viin STUMBRAS Pepper, 50 cl": {
      "category": "Selver:Viinad",
      "entries": [
        {
          "t": "2026-01-19T23:06:30.489722",
          "p": 14.12
        },
        {
          "t": "2026-01-27T10:31:51.707194",
          "p": 9.99
        }
      ],
      "latest_price": 9.99,
      "price_per_unit": 19.98,
      "unit_label": "L",
      "url": "https://www.selver.ee/viin-stumbras-pepper-50-cl",
      "img": "data:image/gif;base64,R0lGODlhAQABAIAAAAAAAP///yH5BAEAAAAALAAAAAABAAEAAAIBRAA7",
      "store": "Selver",
      "is_sale": false
    },
    "Viin J.J. KURBERG Moe Kuldjuur, 50 cl": {
      "category": "Selver:Viinad",
      "entries": [
        {
          "t": "2026-01-19T23:06:30.489722",
          "p": 23.19
        }
      ],
      "latest_price": 23.19,
      "price_per_unit": 46.38,
      "unit_label": "L",
      "url": "https://www.selver.ee/viin-j-j-kurberg-moe-kuldjuur-50-cl",
      "img": "data:image/gif;base64,R0lGODlhAQABAIAAAAAAAP///yH5BAEAAAAALAAAAAABAAEAAAIBRAA7",
      "store": "Selver",
      "is_sale": false
    },
    "Viin ABSOLUT Watermelon, 70 cl": {
      "category": "Selver:Viinad",
      "entries": [
        {
          "t": "2026-01-19T23:06:30.489722",
          "p": 17.99
        },
        {
          "t": "2026-01-27T10:31:51.707194",
          "p": 24.9
        }
      ],
      "latest_price": 24.9,
      "price_per_unit": 35.57,
      "unit_label": "L",
      "url": "https://www.selver.ee/viin-absolut-watermelon-70-cl",
      "img": "data:image/gif;base64,R0lGODlhAQABAIAAAAAAAP///yH5BAEAAAAALAAAAAABAAEAAAIBRAA7",
      "store": "Selver",
      "is_sale": false
    },
    "Viin Nipernaadi Kirsi 50 cl": {
      "category": "Selver:Viinad",
      "entries": [
        {
          "t": "2026-01-19T23:06:30.489722",
          "p": 9.99
        },
        {
          "t": "2026-01-27T10:31:51.707194",
          "p": 11.0
        }
      ],
      "latest_price": 11.0,
      "price_per_unit": 22.0,
      "unit_label": "L",
      "url": "https://www.selver.ee/viin-nipernaadi-kirsi-50-cl",
      "img": "https://www.selver.ee/img/450/440/resize/4/7/4740158011263.jpg",
      "store": "Selver",
      "is_sale": false
    },
    "Viin SILVER SWAN 1688, 70 cl": {
      "category": "Selver:Viinad",
      "entries": [
        {
          "t": "2026-01-19T23:06:30.489722",
          "p": 21.59
        }
      ],
      "latest_price": 21.59,
      "price_per_unit": 30.84,
      "unit_label": "L",
      "url": "https://www.selver.ee/viin-silver-swan-1688-70-cl",
      "img": "https://www.selver.ee/img/450/440/resize/4/7/4742716000016.jpg",
      "store": "Selver",
      "is_sale": false
    },
    "Viin J.J. KURBERG Moe Rukis, 50 cl": {
      "category": "Selver:Viinad",
      "entries": [
        {
          "t": "2026-01-19T23:06:30.489722",
          "p": 23.19
        }
      ],
      "latest_price": 23.19,
      "price_per_unit": 46.38,
      "unit_label": "L",
      "url": "https://www.selver.ee/viin-j-j-kurberg-moe-rukis-50-cl",
      "img": "https://www.selver.ee/img/450/440/resize/4/7/4742716001358.jpg",
      "store": "Selver",
      "is_sale": false
    },
    "Viin ABSOLUT Citron, 70 cl": {
      "category": "Selver:Viinad",
      "entries": [
        {
          "t": "2026-01-19T23:06:30.489722",
          "p": 17.99
        },
        {
          "t": "2026-01-27T10:31:51.707194",
          "p": 24.9
        }
      ],
      "latest_price": 24.9,
      "price_per_unit": 35.57,
      "unit_label": "L",
      "url": "https://www.selver.ee/viin-absolut-citron-70-cl",
      "img": "https://www.selver.ee/img/450/440/resize/7/3/7312040090709.jpg",
      "store": "Selver",
      "is_sale": false
    },
    "Viin Danzka 50 cl": {
      "category": "Selver:Viinad",
      "entries": [
        {
          "t": "2026-01-19T23:06:30.489722",
          "p": 16.49
        }
      ],
      "latest_price": 16.49,
      "price_per_unit": 32.98,
      "unit_label": "L",
      "url": "https://www.selver.ee/viin-danzka-50-cl",
      "img": "https://www.selver.ee/img/450/440/resize/5/7/5788686110019.jpg",
      "store": "Selver",
      "is_sale": false
    },
    "Viin Stoli, 70 cl": {
      "category": "Selver:Viinad",
      "entries": [
        {
          "t": "2026-01-19T23:06:30.489722",
          "p": 23.99
        },
        {
          "t": "2026-01-27T10:31:51.707194",
          "p": 16.49
        }
      ],
      "latest_price": 16.49,
      "price_per_unit": 23.56,
      "unit_label": "L",
      "url": "https://www.selver.ee/viin-stoli-70-cl",
      "img": "https://www.selver.ee/img/450/440/resize/4/7/4750021000140.jpg",
      "store": "Selver",
      "is_sale": false
    },
    "Viin ZUBROWKA Cranberry 50cl": {
      "category": "Selver:Viinad",
      "entries": [
        {
          "t": "2026-01-19T23:06:30.489722",
          "p": 13.2
        }
      ],
      "latest_price": 13.2,
      "price_per_unit": 26.4,
      "unit_label": "L",
      "url": "https://www.selver.ee/viin-zubrowka-cranberry-50cl",
      "img": "https://www.selver.ee/img/450/440/resize/5/9/5900343011877.jpg",
      "store": "Selver",
      "is_sale": false
    },
    "Viin Rüübe Ingveri-Mündi 50 cl": {
      "category": "Selver:Viinad",
      "entries": [
        {
          "t": "2026-01-19T23:06:30.489722",
          "p": 27.28
        }
      ],
      "latest_price": 27.28,
      "price_per_unit": 54.56,
      "unit_label": "L",
      "url": "https://www.selver.ee/viin-ruube-ingveri-mundi-50-cl",
      "img": "https://www.selver.ee/img/450/440/resize/4/7/4742023190011.jpg",
      "store": "Selver",
      "is_sale": false
    },
    "Viin Rüübe Tšilli-mustsõstra 50 cl": {
      "category": "Selver:Viinad",
      "entries": [
        {
          "t": "2026-01-19T23:06:30.489722",
          "p": 28.33
        }
      ],
      "latest_price": 28.33,
      "price_per_unit": 56.66,
      "unit_label": "L",
      "url": "https://www.selver.ee/viin-ruube-tsilli-mustsostra-50-cl",
      "img": "https://www.selver.ee/img/450/440/resize/4/7/4742023190073.jpg",
      "store": "Selver",
      "is_sale": false
    },
    "Viin Peninuki Tuisk 70 cl": {
      "category": "Selver:Viinad",
      "entries": [
        {
          "t": "2026-01-19T23:06:30.489722",
          "p": 40.55
        }
      ],
      "latest_price": 40.55,
      "price_per_unit": 57.93,
      "unit_label": "L",
      "url": "https://www.selver.ee/viin-peninuki-tuisk-70-cl",
      "img": "https://www.selver.ee/img/450/440/resize/4/7/4744387010554.jpg",
      "store": "Selver",
      "is_sale": false
    },
    "Viin, GREY GOOSE, 70 cl": {
      "category": "Selver:Viinad",
      "entries": [
        {
          "t": "2026-01-19T23:06:30.489722",
          "p": 51.69
        }
      ],
      "latest_price": 51.69,
      "price_per_unit": 73.84,
      "unit_label": "L",
      "url": "https://www.selver.ee/viin-grey-goose-70-cl",
      "img": "https://www.selver.ee/img/450/440/resize/5/0/5010677850100.jpg",
      "store": "Selver",
      "is_sale": false
    },
    "Viin Viru Valge Cranberry 20 cl": {
      "category": "Selver:Viinad",
      "entries": [
        {
          "t": "2026-01-19T23:06:30.489722",
          "p": 3.99
        },
        {
          "t": "2026-01-27T10:31:51.707194",
          "p": 4.99
        }
      ],
      "latest_price": 4.99,
      "price_per_unit": 24.95,
      "unit_label": "L",
      "url": "https://www.selver.ee/viin-viru-valge-cranberry-20-cl",
      "img": "https://www.selver.ee/img/450/440/resize/4/7/4740050007548.jpg",
      "store": "Selver",
      "is_sale": false
    },
    "Viin Indigo": {
      "category": "Selver:Viinad",
      "entries": [
        {
          "t": "2026-01-19T23:06:30.489722",
          "p": 28.99
        }
      ],
      "latest_price": 28.99,
      "price_per_unit": 82.83,
      "unit_label": "L",
      "url": "https://www.selver.ee/viin-indigo",
      "img": "https://www.selver.ee/img/450/440/resize/4/7/4742024330300.jpg",
      "store": "Selver",
      "is_sale": false
    },
    "Viin Moskovskaya Osobaya 20 cl": {
      "category": "Selver:Viinad",
      "entries": [
        {
          "t": "2026-01-19T23:06:30.489722",
          "p": 3.79
        },
        {
          "t": "2026-01-27T10:31:51.707194",
          "p": 3.99
        }
      ],
      "latest_price": 3.99,
      "price_per_unit": 19.95,
      "unit_label": "L",
      "url": "https://www.selver.ee/viin-moskovskaya-osobaya-20-cl",
      "img": "https://www.selver.ee/img/450/440/resize/4/7/4750021210914.jpg",
      "store": "Selver",
      "is_sale": false
    },
    "Stumbras Pure, 50 cl": {
      "category": "Selver:Viinad",
      "entries": [
        {
          "t": "2026-01-19T23:06:30.489722",
          "p": 12.49
        }
      ],
      "latest_price": 12.49,
      "price_per_unit": 24.98,
      "unit_label": "L",
      "url": "https://www.selver.ee/stumbras-pure-50-cl",
      "img": "https://www.selver.ee/img/450/440/resize/4/7/4770033228073.jpg",
      "store": "Selver",
      "is_sale": false
    },
    "Viin Stumbras, 35 cl": {
      "category": "Selver:Viinad",
      "entries": [
        {
          "t": "2026-01-19T23:06:30.489722",
          "p": 9.99
        }
      ],
      "latest_price": 9.99,
      "price_per_unit": 28.54,
      "unit_label": "L",
      "url": "https://www.selver.ee/viin-stumbras-35-cl",
      "img": "https://www.selver.ee/img/450/440/resize/4/7/4770033224723.jpg",
      "store": "Selver",
      "is_sale": false
    },
    "Viin Punch Club Nordic Grain, 50 cl": {
      "category": "Selver:Viinad",
      "entries": [
        {
          "t": "2026-01-19T23:06:30.489722",
          "p": 13.99
        }
      ],
      "latest_price": 13.99,
      "price_per_unit": 27.98,
      "unit_label": "L",
      "url": "https://www.selver.ee/viin-punch-club-nordic-grain-50-cl",
      "img": "https://www.selver.ee/img/450/440/resize/4/7/4744429019415.jpg",
      "store": "Selver",
      "is_sale": false
    },
    "Džinn TANQUERAY London Dry, 70 cl": {
      "category": "Selver:Ginid",
      "entries": [
        {
          "t": "2026-01-19T23:06:30.489722",
          "p": 27.43
        },
        {
          "t": "2026-01-26T22:36:20.613384",
          "p": 25.99
        },
        {
          "t": "2026-01-27T10:31:51.707194",
          "p": 22.99
        }
      ],
      "latest_price": 22.99,
      "price_per_unit": 32.84,
      "unit_label": "L",
      "url": "https://www.selver.ee/dzinn-tanqueray-london-dry-70-cl",
      "img": "https://www.selver.ee/img/450/440/resize/5/0/5000281015248.jpg",
      "store": "Selver",
      "is_sale": false
    },
    "Džinn KINGSMILL, 70 cl": {
      "category": "Selver:Ginid",
      "entries": [
        {
          "t": "2026-01-19T23:06:30.489722",
          "p": 18.25
        }
      ],
      "latest_price": 18.25,
      "price_per_unit": 26.07,
      "unit_label": "L",
      "url": "https://www.selver.ee/dzinn-kingsmill-70-cl",
      "img": "https://www.selver.ee/img/450/440/resize/4/7/4740050006688.jpg",
      "store": "Selver",
      "is_sale": false
    },
    "Džinn KINGSMILL, 20 cl": {
      "category": "Selver:Ginid",
      "entries": [
        {
          "t": "2026-01-19T23:06:30.489722",
          "p": 4.8
        }
      ],
      "latest_price": 4.8,
      "price_per_unit": 24.0,
      "unit_label": "L",
      "url": "https://www.selver.ee/dzinn-kingsmill-20-cl",
      "img": "https://www.selver.ee/img/450/440/resize/4/7/4740050006435.jpg",
      "store": "Selver",
      "is_sale": false
    },
    "Džinn BEEFEATER London Dry, 70 cl": {
      "category": "Selver:Ginid",
      "entries": [
        {
          "t": "2026-01-19T23:06:30.489722",
          "p": 22.87
        },
        {
          "t": "2026-01-27T10:31:51.707194",
          "p": 17.99
        }
      ],
      "latest_price": 17.99,
      "price_per_unit": 25.7,
      "unit_label": "L",
      "url": "https://www.selver.ee/dzinn-beefeater-london-dry-70-cl",
      "img": "https://www.selver.ee/img/450/440/resize/5/0/5000329002254.jpg",
      "store": "Selver",
      "is_sale": false
    },
    "Džinn SAAREMAA rabarber, 50 cl": {
      "category": "Selver:Ginid",
      "entries": [
        {
          "t": "2026-01-19T23:06:30.489722",
          "p": 15.19
        }
      ],
      "latest_price": 15.19,
      "price_per_unit": 30.38,
      "unit_label": "L",
      "url": "https://www.selver.ee/dzinn-saaremaa-rabarber-50-cl",
      "img": "https://www.selver.ee/img/450/440/resize/4/7/4740054361974.jpg",
      "store": "Selver",
      "is_sale": false
    },
    "Džinn BEEFEATER, 100 cl": {
      "category": "Selver:Ginid",
      "entries": [
        {
          "t": "2026-01-19T23:06:30.489722",
          "p": 24.99
        },
        {
          "t": "2026-01-27T10:31:51.707194",
          "p": 27.95
        }
      ],
      "latest_price": 27.95,
      "price_per_unit": 27.95,
      "unit_label": "L",
      "url": "https://www.selver.ee/dzinn-beefeater-100-cl",
      "img": "https://www.selver.ee/img/450/440/resize/5/0/5000329002278.jpg",
      "store": "Selver",
      "is_sale": false
    },
    "Džinn HOGARTH, 70 cl": {
      "category": "Selver:Ginid",
      "entries": [
        {
          "t": "2026-01-19T23:06:30.489722",
          "p": 13.99
        },
        {
          "t": "2026-01-27T10:31:51.707194",
          "p": 18.28
        }
      ],
      "latest_price": 18.28,
      "price_per_unit": 26.11,
      "unit_label": "L",
      "url": "https://www.selver.ee/dzinn-hogarth-70-cl",
      "img": "https://www.selver.ee/img/450/440/resize/5/0/5011166019176.jpg",
      "store": "Selver",
      "is_sale": false
    },
    "Džinn SAAREMAA vaarikas, 50 cl": {
      "category": "Selver:Ginid",
      "entries": [
        {
          "t": "2026-01-19T23:06:30.489722",
          "p": 15.19
        }
      ],
      "latest_price": 15.19,
      "price_per_unit": 30.38,
      "unit_label": "L",
      "url": "https://www.selver.ee/dzinn-saaremaa-vaarikas-50-cl",
      "img": "data:image/gif;base64,R0lGODlhAQABAIAAAAAAAP///yH5BAEAAAAALAAAAAABAAEAAAIBRAA7",
      "store": "Selver",
      "is_sale": false
    },
    "Džinn KINGSMILL, 50 cl": {
      "category": "Selver:Ginid",
      "entries": [
        {
          "t": "2026-01-19T23:06:30.489722",
          "p": 10.59
        }
      ],
      "latest_price": 10.59,
      "price_per_unit": 21.18,
      "unit_label": "L",
      "url": "https://www.selver.ee/dzinn-kingsmill-50-cl",
      "img": "data:image/gif;base64,R0lGODlhAQABAIAAAAAAAP///yH5BAEAAAAALAAAAAABAAEAAAIBRAA7",
      "store": "Selver",
      "is_sale": false
    },
    "Džinn KINGSMILL, 100 cl": {
      "category": "Selver:Ginid",
      "entries": [
        {
          "t": "2026-01-19T23:06:30.489722",
          "p": 24.59
        }
      ],
      "latest_price": 24.59,
      "price_per_unit": 24.59,
      "unit_label": "L",
      "url": "https://www.selver.ee/dzinn-kingsmill-100-cl",
      "img": "data:image/gif;base64,R0lGODlhAQABAIAAAAAAAP///yH5BAEAAAAALAAAAAABAAEAAAIBRAA7",
      "store": "Selver",
      "is_sale": false
    },
    "Džinn SAAREMAA, 50 cl": {
      "category": "Selver:Ginid",
      "entries": [
        {
          "t": "2026-01-19T23:06:30.489722",
          "p": 15.19
        }
      ],
      "latest_price": 15.19,
      "price_per_unit": 30.38,
      "unit_label": "L",
      "url": "https://www.selver.ee/dzinn-saaremaa-50-cl",
      "img": "data:image/gif;base64,R0lGODlhAQABAIAAAAAAAP///yH5BAEAAAAALAAAAAABAAEAAAIBRAA7",
      "store": "Selver",
      "is_sale": false
    },
    "Džinn SAARE crafted, 50 cl": {
      "category": "Selver:Ginid",
      "entries": [
        {
          "t": "2026-01-19T23:06:30.489722",
          "p": 12.09
        }
      ],
      "latest_price": 12.09,
      "price_per_unit": 24.18,
      "unit_label": "L",
      "url": "https://www.selver.ee/dzinn-saare-crafted-50-cl",
      "img": "https://www.selver.ee/img/450/440/resize/4/7/4740034015354.jpg",
      "store": "Selver",
      "is_sale": false
    },
    "Džinn BEEFEATER, 50 cl": {
      "category": "Selver:Ginid",
      "entries": [
        {
          "t": "2026-01-19T23:06:30.489722",
          "p": 12.99
        }
      ],
      "latest_price": 12.99,
      "price_per_unit": 25.98,
      "unit_label": "L",
      "url": "https://www.selver.ee/dzinn-beefeater-50-cl",
      "img": "https://www.selver.ee/img/450/440/resize/5/0/5000299605981.jpg",
      "store": "Selver",
      "is_sale": false
    },
    "Džinn BOMBAY SAPPHIRE Dry, 70 cl": {
      "category": "Selver:Ginid",
      "entries": [
        {
          "t": "2026-01-19T23:06:30.489722",
          "p": 30.89
        }
      ],
      "latest_price": 30.89,
      "price_per_unit": 44.13,
      "unit_label": "L",
      "url": "https://www.selver.ee/dzinn-bombay-sapphire-dry-70-cl",
      "img": "https://www.selver.ee/img/450/440/resize/5/0/5010677714006.jpg",
      "store": "Selver",
      "is_sale": false
    },
    "Džinn KADA Rabarberi Gin 50 cl": {
      "category": "Selver:Ginid",
      "entries": [
        {
          "t": "2026-01-19T23:06:30.489722",
          "p": 11.78
        },
        {
          "t": "2026-01-26T22:36:20.613384",
          "p": 12.59
        }
      ],
      "latest_price": 12.59,
      "price_per_unit": 25.18,
      "unit_label": "L",
      "url": "https://www.selver.ee/dzinn-kada-rabarberi-gin-50-cl",
      "img": "https://www.selver.ee/img/450/440/resize/4/7/4742883015868.jpg",
      "store": "Selver",
      "is_sale": false
    },
    "Gin Passionfruit 50 cl": {
      "category": "Selver:Ginid",
      "entries": [
        {
          "t": "2026-01-19T23:06:30.489722",
          "p": 15.19
        }
      ],
      "latest_price": 15.19,
      "price_per_unit": 30.38,
      "unit_label": "L",
      "url": "https://www.selver.ee/gin-passionfruit-50-cl",
      "img": "https://www.selver.ee/img/450/440/resize/4/7/4740054365200.jpg",
      "store": "Selver",
      "is_sale": false
    },
    "Džinn KADA Kadaka Gin 50 cl": {
      "category": "Selver:Ginid",
      "entries": [
        {
          "t": "2026-01-19T23:06:30.489722",
          "p": 11.78
        },
        {
          "t": "2026-01-26T22:36:20.613384",
          "p": 12.59
        }
      ],
      "latest_price": 12.59,
      "price_per_unit": 25.18,
      "unit_label": "L",
      "url": "https://www.selver.ee/dzinn-kada-kadaka-gin-50-cl",
      "img": "https://www.selver.ee/img/450/440/resize/4/7/4742883015851.jpg",
      "store": "Selver",
      "is_sale": false
    },
    "Džinn GORDON`S, 100 cl": {
      "category": "Selver:Ginid",
      "entries": [
        {
          "t": "2026-01-19T23:06:30.489722",
          "p": 22.99
        },
        {
          "t": "2026-01-27T10:31:51.707194",
          "p": 31.41
        }
      ],
      "latest_price": 31.41,
      "price_per_unit": 31.41,
      "unit_label": "L",
      "url": "https://www.selver.ee/dzinn-gordon-s-100-cl",
      "img": "https://www.selver.ee/img/450/440/resize/5/0/5000289020800.jpg",
      "store": "Selver",
      "is_sale": false
    },
    "Džinn TANQUERAY, 100 cl": {
      "category": "Selver:Ginid",
      "entries": [
        {
          "t": "2026-01-19T23:06:30.489722",
          "p": 38.52
        },
        {
          "t": "2026-01-26T22:36:20.613384",
          "p": 38.89
        }
      ],
      "latest_price": 38.89,
      "price_per_unit": 38.89,
      "unit_label": "L",
      "url": "https://www.selver.ee/dzinn-tanqueray-100-cl",
      "img": "https://www.selver.ee/img/450/440/resize/5/0/5000291020805.jpg",
      "store": "Selver",
      "is_sale": false
    },
    "Džinn CRAFTERS London Dry, 70 cl": {
      "category": "Selver:Ginid",
      "entries": [
        {
          "t": "2026-01-19T23:06:30.489722",
          "p": 19.99
        },
        {
          "t": "2026-01-27T10:31:51.707194",
          "p": 29.47
        }
      ],
      "latest_price": 29.47,
      "price_per_unit": 42.1,
      "unit_label": "L",
      "url": "https://www.selver.ee/dzinn-crafters-london-dry-70-cl",
      "img": "https://www.selver.ee/img/450/440/resize/4/7/4740050004899.jpg",
      "store": "Selver",
      "is_sale": false
    },
    "Džinn SAAREMAA kurk-ingver, 50 cl": {
      "category": "Selver:Ginid",
      "entries": [
        {
          "t": "2026-01-19T23:06:30.489722",
          "p": 10.99
        },
        {
          "t": "2026-01-27T10:31:51.707194",
          "p": 13.71
        }
      ],
      "latest_price": 13.71,
      "price_per_unit": 27.42,
      "unit_label": "L",
      "url": "https://www.selver.ee/dzinn-saaremaa-kurk-ingver-50-cl",
      "img": "https://www.selver.ee/img/450/440/resize/4/7/4740054362018.jpg",
      "store": "Selver",
      "is_sale": false
    },
    "Džinn KINGSMILL Pink Raspberry, 50 cl": {
      "category": "Selver:Ginid",
      "entries": [
        {
          "t": "2026-01-19T23:06:30.489722",
          "p": 10.59
        }
      ],
      "latest_price": 10.59,
      "price_per_unit": 21.18,
      "unit_label": "L",
      "url": "https://www.selver.ee/dzinn-kingsmill-pink-raspberry-50-cl",
      "img": "https://www.selver.ee/img/450/440/resize/4/7/4740050006619.jpg",
      "store": "Selver",
      "is_sale": false
    },
    "Džinn SAAREMAA Ore, 50 cl": {
      "category": "Selver:Ginid",
      "entries": [
        {
          "t": "2026-01-19T23:06:30.489722",
          "p": 10.99
        },
        {
          "t": "2026-01-27T10:31:51.707194",
          "p": 13.71
        }
      ],
      "latest_price": 13.71,
      "price_per_unit": 27.42,
      "unit_label": "L",
      "url": "https://www.selver.ee/dzinn-saaremaa-ore-50-cl",
      "img": "https://www.selver.ee/img/450/440/resize/4/7/4740054364715.jpg",
      "store": "Selver",
      "is_sale": false
    },
    "Džinn SAARE Sõstar 50 cl": {
      "category": "Selver:Ginid",
      "entries": [
        {
          "t": "2026-01-19T23:06:30.489722",
          "p": 12.09
        }
      ],
      "latest_price": 12.09,
      "price_per_unit": 24.18,
      "unit_label": "L",
      "url": "https://www.selver.ee/dzinn-saare-sostar-50-cl",
      "img": "https://www.selver.ee/img/450/440/resize/4/7/4740034016450.jpg",
      "store": "Selver",
      "is_sale": false
    },
    "Džinn HENDRICK`S, 70 cl": {
      "category": "Selver:Ginid",
      "entries": [
        {
          "t": "2026-01-19T23:06:30.489722",
          "p": 48.29
        }
      ],
      "latest_price": 48.29,
      "price_per_unit": 68.99,
      "unit_label": "L",
      "url": "https://www.selver.ee/dzinn-hendrick-s-70-cl",
      "img": "https://www.selver.ee/img/450/440/resize/5/0/5010327755014.jpg",
      "store": "Selver",
      "is_sale": false
    },
    "Džinn CRAFTERS Wild Forest, 70 cl": {
      "category": "Selver:Ginid",
      "entries": [
        {
          "t": "2026-01-19T23:06:30.489722",
          "p": 22.9
        },
        {
          "t": "2026-01-27T10:31:51.707194",
          "p": 38.61
        }
      ],
      "latest_price": 38.61,
      "price_per_unit": 55.16,
      "unit_label": "L",
      "url": "https://www.selver.ee/dzinn-crafters-wild-forest-70-cl",
      "img": "https://www.selver.ee/img/450/440/resize/4/7/4740050005131.jpg",
      "store": "Selver",
      "is_sale": false
    },
    "Dzinn NORDIC SPIRITS LAB Mediterranean, 50 cl": {
      "category": "Selver:Ginid",
      "entries": [
        {
          "t": "2026-01-19T23:06:30.489722",
          "p": 20.59
        }
      ],
      "latest_price": 20.59,
      "price_per_unit": 41.18,
      "unit_label": "L",
      "url": "https://www.selver.ee/dzinn-nordic-spirits-lab-mediterranean-50-cl",
      "img": "https://www.selver.ee/img/450/440/resize/6/4/6412703013876.jpg",
      "store": "Selver",
      "is_sale": false
    },
    "Džinn SAARE GIN Roosa, 50 cl": {
      "category": "Selver:Ginid",
      "entries": [
        {
          "t": "2026-01-19T23:06:30.489722",
          "p": 12.09
        }
      ],
      "latest_price": 12.09,
      "price_per_unit": 24.18,
      "unit_label": "L",
      "url": "https://www.selver.ee/dzinn-saare-gin-roosa-50-cl",
      "img": "https://www.selver.ee/img/450/440/resize/4/7/4740034015910.jpg",
      "store": "Selver",
      "is_sale": false
    },
    "Džinn BEEFEATER Pink, 70 cl": {
      "category": "Selver:Ginid",
      "entries": [
        {
          "t": "2026-01-19T23:06:30.489722",
          "p": 25.92
        },
        {
          "t": "2026-01-27T10:31:51.707194",
          "p": 17.99
        }
      ],
      "latest_price": 17.99,
      "price_per_unit": 25.7,
      "unit_label": "L",
      "url": "https://www.selver.ee/dzinn-beefeater-pink-70-cl",
      "img": "https://www.selver.ee/img/450/440/resize/5/0/5000299605950.jpg",
      "store": "Selver",
      "is_sale": false
    },
    "Dzinn KINGSMILL Rhubarb, 50cl": {
      "category": "Selver:Ginid",
      "entries": [
        {
          "t": "2026-01-19T23:06:30.489722",
          "p": 13.41
        }
      ],
      "latest_price": 13.41,
      "price_per_unit": 26.82,
      "unit_label": "L",
      "url": "https://www.selver.ee/dzinn-kingsmill-rhubarb-50cl",
      "img": "https://www.selver.ee/img/450/440/resize/4/7/4740050007388.jpg",
      "store": "Selver",
      "is_sale": false
    },
    "Džinn MOHN POPPY, 70 cl": {
      "category": "Selver:Ginid",
      "entries": [
        {
          "t": "2026-01-19T23:06:30.489722",
          "p": 35.79
        }
      ],
      "latest_price": 35.79,
      "price_per_unit": 51.13,
      "unit_label": "L",
      "url": "https://www.selver.ee/dzinn-mohn-poppy-70-cl",
      "img": "https://www.selver.ee/img/450/440/resize/4/7/4742716005752.jpg",
      "store": "Selver",
      "is_sale": false
    },
    "Džinn CRAFTERS Aromatic Flower, 70 cl": {
      "category": "Selver:Ginid",
      "entries": [
        {
          "t": "2026-01-19T23:06:30.489722",
          "p": 22.9
        },
        {
          "t": "2026-01-27T10:31:51.707194",
          "p": 31.5
        }
      ],
      "latest_price": 31.5,
      "price_per_unit": 45.0,
      "unit_label": "L",
      "url": "https://www.selver.ee/dzinn-crafters-aromatic-flower-70-cl",
      "img": "data:image/gif;base64,R0lGODlhAQABAIAAAAAAAP///yH5BAEAAAAALAAAAAABAAEAAAIBRAA7",
      "store": "Selver",
      "is_sale": false
    },
    "Džinn SKAGERRAK Nordic Dry 70cl": {
      "category": "Selver:Ginid",
      "entries": [
        {
          "t": "2026-01-19T23:06:30.489722",
          "p": 35.99
        }
      ],
      "latest_price": 35.99,
      "price_per_unit": 51.41,
      "unit_label": "L",
      "url": "https://www.selver.ee/dzinn-skagerrak-nordic-dry-70cl",
      "img": "data:image/gif;base64,R0lGODlhAQABAIAAAAAAAP///yH5BAEAAAAALAAAAAABAAEAAAIBRAA7",
      "store": "Selver",
      "is_sale": false
    },
    "Džinn Kada Longero Gin  50cl": {
      "category": "Selver:Ginid",
      "entries": [
        {
          "t": "2026-01-19T23:06:30.489722",
          "p": 11.78
        },
        {
          "t": "2026-01-26T22:36:20.613384",
          "p": 12.59
        }
      ],
      "latest_price": 12.59,
      "price_per_unit": 25.18,
      "unit_label": "L",
      "url": "https://www.selver.ee/dzinn-kada-longero-gin-50cl",
      "img": "data:image/gif;base64,R0lGODlhAQABAIAAAAAAAP///yH5BAEAAAAALAAAAAABAAEAAAIBRAA7",
      "store": "Selver",
      "is_sale": false
    },
    "Džinn TOHI Nordic Dry Cloudberry, 50 cl": {
      "category": "Selver:Ginid",
      "entries": [
        {
          "t": "2026-01-19T23:06:30.489722",
          "p": 39.13
        }
      ],
      "latest_price": 39.13,
      "price_per_unit": 78.26,
      "unit_label": "L",
      "url": "https://www.selver.ee/dzinn-tohi-nordic-dry-cloudberry-50-cl",
      "img": "data:image/gif;base64,R0lGODlhAQABAIAAAAAAAP///yH5BAEAAAAALAAAAAABAAEAAAIBRAA7",
      "store": "Selver",
      "is_sale": false
    },
    "Džinn MONKEY47 Schwarzwald Dry, 50 cl": {
      "category": "Selver:Ginid",
      "entries": [
        {
          "t": "2026-01-19T23:06:30.489722",
          "p": 55.8
        }
      ],
      "latest_price": 55.8,
      "price_per_unit": 111.6,
      "unit_label": "L",
      "url": "https://www.selver.ee/dzinn-monkey47-schwarzwald-dry-50-cl",
      "img": "https://www.selver.ee/img/450/440/resize/4/2/42213277.jpg",
      "store": "Selver",
      "is_sale": false
    },
    "Džinn GORDON´S Sicilian Lemon, 70cl": {
      "category": "Selver:Ginid",
      "entries": [
        {
          "t": "2026-01-19T23:06:30.489722",
          "p": 21.54
        },
        {
          "t": "2026-01-26T22:36:20.613384",
          "p": 23.19
        }
      ],
      "latest_price": 23.19,
      "price_per_unit": 33.13,
      "unit_label": "L",
      "url": "https://www.selver.ee/dzinn-gordon-s-sicilian-lemon-70cl",
      "img": "https://www.selver.ee/img/450/440/resize/5/0/5000289932479.jpg",
      "store": "Selver",
      "is_sale": false
    },
    "Džinn JUNIMPERIUM Winter Edition, 70 cl": {
      "category": "Selver:Ginid",
      "entries": [
        {
          "t": "2026-01-19T23:06:30.489722",
          "p": 59.99
        }
      ],
      "latest_price": 59.99,
      "price_per_unit": 85.7,
      "unit_label": "L",
      "url": "https://www.selver.ee/dzinn-junimperium-winter-edition-70-cl",
      "img": "https://www.selver.ee/img/450/440/resize/4/7/4742022270028.jpg",
      "store": "Selver",
      "is_sale": false
    },
    "Džinn GORDON`S Pink, 70 cl": {
      "category": "Selver:Ginid",
      "entries": [
        {
          "t": "2026-01-19T23:06:30.489722",
          "p": 21.54
        },
        {
          "t": "2026-01-26T22:36:20.613384",
          "p": 23.19
        }
      ],
      "latest_price": 23.19,
      "price_per_unit": 33.13,
      "unit_label": "L",
      "url": "https://www.selver.ee/dzinn-gordon-s-pink-70-cl",
      "img": "https://www.selver.ee/img/450/440/resize/5/0/5000289929417.jpg",
      "store": "Selver",
      "is_sale": false
    },
    "Džinn BOTANIST Islay Dry, 70 cl": {
      "category": "Selver:Ginid",
      "entries": [
        {
          "t": "2026-01-19T23:06:30.489722",
          "p": 55.95
        }
      ],
      "latest_price": 55.95,
      "price_per_unit": 79.93,
      "unit_label": "L",
      "url": "https://www.selver.ee/dzinn-botanist-islay-dry-70-cl",
      "img": "https://www.selver.ee/img/450/440/resize/5/0/5055807400596.jpg",
      "store": "Selver",
      "is_sale": false
    },
    "Džinn GORDON'S Passionfruit 70 cl": {
      "category": "Selver:Ginid",
      "entries": [
        {
          "t": "2026-01-19T23:06:30.489722",
          "p": 21.54
        },
        {
          "t": "2026-01-26T22:36:20.613384",
          "p": 23.19
        }
      ],
      "latest_price": 23.19,
      "price_per_unit": 33.13,
      "unit_label": "L",
      "url": "https://www.selver.ee/dzinn-gordon-s-passionfruit-70-cl",
      "img": "https://www.selver.ee/img/450/440/resize/5/0/5000289934800.jpg",
      "store": "Selver",
      "is_sale": false
    },
    "Džinn TOHI Aronia Infused 50cl": {
      "category": "Selver:Ginid",
      "entries": [
        {
          "t": "2026-01-19T23:06:30.489722",
          "p": 43.6
        }
      ],
      "latest_price": 43.6,
      "price_per_unit": 87.2,
      "unit_label": "L",
      "url": "https://www.selver.ee/dzinn-tohi-aronia-infused-50cl",
      "img": "https://www.selver.ee/img/450/440/resize/4/7/4742022160770.jpg",
      "store": "Selver",
      "is_sale": false
    },
    "Džinn Normindia Biologique 70 cl": {
      "category": "Selver:Ginid",
      "entries": [
        {
          "t": "2026-01-19T23:06:30.489722",
          "p": 39.39
        }
      ],
      "latest_price": 39.39,
      "price_per_unit": 56.27,
      "unit_label": "L",
      "url": "https://www.selver.ee/dzinn-normindia-biologique-70-cl",
      "img": "https://www.selver.ee/img/450/440/resize/3/5/3559622202110.jpg",
      "store": "Selver",
      "is_sale": false
    },
    "Džinn TOHI London Dry Ginger & Sichuan Pepper, 50 cl": {
      "category": "Selver:Ginid",
      "entries": [
        {
          "t": "2026-01-19T23:06:30.489722",
          "p": 39.13
        }
      ],
      "latest_price": 39.13,
      "price_per_unit": 78.26,
      "unit_label": "L",
      "url": "https://www.selver.ee/dzinn-tohi-london-dry-ginger-sichuan-pepper-50-cl",
      "img": "https://www.selver.ee/img/450/440/resize/4/7/4742022160015.jpg",
      "store": "Selver",
      "is_sale": false
    },
    "Džinn TANQUERAY Flor de Sevilla, 70 cl": {
      "category": "Selver:Ginid",
      "entries": [
        {
          "t": "2026-01-19T23:06:30.489722",
          "p": 28.9
        },
        {
          "t": "2026-01-26T22:36:20.613384",
          "p": 29.99
        }
      ],
      "latest_price": 29.99,
      "price_per_unit": 42.84,
      "unit_label": "L",
      "url": "https://www.selver.ee/dzinn-tanqueray-flor-de-sevilla-70-cl",
      "img": "https://www.selver.ee/img/450/440/resize/5/0/5000291023462.jpg",
      "store": "Selver",
      "is_sale": false
    },
    "Džinn Normindia Orange 70 cl": {
      "category": "Selver:Ginid",
      "entries": [
        {
          "t": "2026-01-19T23:06:30.489722",
          "p": 38.69
        }
      ],
      "latest_price": 38.69,
      "price_per_unit": 55.27,
      "unit_label": "L",
      "url": "https://www.selver.ee/dzinn-normindia-orange-70-cl",
      "img": "https://www.selver.ee/img/450/440/resize/3/5/3559622402213.jpg",
      "store": "Selver",
      "is_sale": false
    },
    "Džinn Sünk London Dry 50 cl": {
      "category": "Selver:Ginid",
      "entries": [
        {
          "t": "2026-01-19T23:06:30.489722",
          "p": 39.54
        }
      ],
      "latest_price": 39.54,
      "price_per_unit": 79.08,
      "unit_label": "L",
      "url": "https://www.selver.ee/dzinn-sunk-london-dry-50-cl",
      "img": "https://www.selver.ee/img/450/440/resize/4/7/4748001024392.jpg",
      "store": "Selver",
      "is_sale": false
    },
    "Džinn Kada Pihlaka 50 cl": {
      "category": "Selver:Ginid",
      "entries": [
        {
          "t": "2026-01-19T23:06:30.489722",
          "p": 11.78
        },
        {
          "t": "2026-01-26T22:36:20.613384",
          "p": 12.59
        }
      ],
      "latest_price": 12.59,
      "price_per_unit": 25.18,
      "unit_label": "L",
      "url": "https://www.selver.ee/dzinn-kada-pihlaka-50-cl",
      "img": "https://www.selver.ee/img/450/440/resize/4/7/4742883015646.jpg",
      "store": "Selver",
      "is_sale": false
    },
    "Džinn Juniper Island London Dry 70 cl": {
      "category": "Selver:Ginid",
      "entries": [
        {
          "t": "2026-01-19T23:06:30.489722",
          "p": 26.49
        },
        {
          "t": "2026-01-27T10:31:51.707194",
          "p": 18.99
        }
      ],
      "latest_price": 18.99,
      "price_per_unit": 27.13,
      "unit_label": "L",
      "url": "https://www.selver.ee/dzinn-juniper-island-london-dry-70-cl",
      "img": "https://www.selver.ee/img/450/440/resize/4/7/4740158011713.jpg",
      "store": "Selver",
      "is_sale": false
    },
    "Džinn Juniper Island Nordic Rhubarb 70 cl": {
      "category": "Selver:Ginid",
      "entries": [
        {
          "t": "2026-01-19T23:06:30.489722",
          "p": 26.49
        },
        {
          "t": "2026-01-27T10:31:51.707194",
          "p": 18.99
        }
      ],
      "latest_price": 18.99,
      "price_per_unit": 27.13,
      "unit_label": "L",
      "url": "https://www.selver.ee/dzinn-juniper-island-nordic-rhubarb-70-cl",
      "img": "https://www.selver.ee/img/450/440/resize/4/7/4740158011737.jpg",
      "store": "Selver",
      "is_sale": false
    },
    "Džinn London Dry 12 Botanicals": {
      "category": "Selver:Ginid",
      "entries": [
        {
          "t": "2026-01-19T23:06:30.489722",
          "p": 29.99
        }
      ],
      "latest_price": 29.99,
      "price_per_unit": 85.69,
      "unit_label": "L",
      "url": "https://www.selver.ee/dzinn-london-dry-12-botanicals",
      "img": "https://www.selver.ee/img/450/440/resize/4/7/4742024330201.jpg",
      "store": "Selver",
      "is_sale": false
    },
    "Džinn Botanical Cucumber & Mint": {
      "category": "Selver:Ginid",
      "entries": [
        {
          "t": "2026-01-19T23:06:30.489722",
          "p": 21.99
        },
        {
          "t": "2026-01-27T10:31:51.707194",
          "p": 25.99
        }
      ],
      "latest_price": 25.99,
      "price_per_unit": 37.13,
      "unit_label": "L",
      "url": "https://www.selver.ee/dzinn-botanical-cucumber-mint",
      "img": "https://www.selver.ee/img/450/440/resize/5/9/5903957411095.jpg",
      "store": "Selver",
      "is_sale": false
    },
    "Džinn Botanical Mango & Lime": {
      "category": "Selver:Ginid",
      "entries": [
        {
          "t": "2026-01-19T23:06:30.489722",
          "p": 21.99
        },
        {
          "t": "2026-01-27T10:31:51.707194",
          "p": 25.99
        }
      ],
      "latest_price": 25.99,
      "price_per_unit": 37.13,
      "unit_label": "L",
      "url": "https://www.selver.ee/dzinn-botanical-mango-lime",
      "img": "https://www.selver.ee/img/450/440/resize/5/9/5903957411163.jpg",
      "store": "Selver",
      "is_sale": false
    },
    "Džinn Langleys London Dry": {
      "category": "Selver:Ginid",
      "entries": [
        {
          "t": "2026-01-19T23:06:30.489722",
          "p": 29.99
        }
      ],
      "latest_price": 29.99,
      "price_per_unit": 42.84,
      "unit_label": "L",
      "url": "https://www.selver.ee/dzinn-langleys-london-dry",
      "img": "https://www.selver.ee/img/450/440/resize/5/0/5060324780069.jpg",
      "store": "Selver",
      "is_sale": false
    },
    "Džinn Langleys Old Tom": {
      "category": "Selver:Ginid",
      "entries": [
        {
          "t": "2026-01-19T23:06:30.489722",
          "p": 36.19
        }
      ],
      "latest_price": 36.19,
      "price_per_unit": 51.7,
      "unit_label": "L",
      "url": "https://www.selver.ee/dzinn-langleys-old-tom",
      "img": "https://www.selver.ee/img/450/440/resize/5/0/5060324780038.jpg",
      "store": "Selver",
      "is_sale": false
    },
    "Gin BOMBAY SAPPHIRE 40%0.7l": {
      "category": "Barbora:Ginid",
      "entries": [
        {
          "t": "2026-01-19T23:06:30.489722",
          "p": 19.99
        }
      ],
      "latest_price": 19.99,
      "price_per_unit": 28.56,
      "unit_label": "L",
      "url": "https://barbora.ee/toode/gin-bombay-sapphire-40-proc-0-7-l",
      "img": "https://cdn.barbora.ee/products/c7528250-27cf-495e-91d2-17a6cef4ba7f_m.png",
      "store": "Barbora"
    },
    "Gin PABLO 40% 700ml": {
      "category": "Barbora:Ginid",
      "entries": [
        {
          "t": "2026-01-19T23:06:30.489722",
          "p": 9.99
        },
        {
          "t": "2026-01-20T20:19:16.356742",
          "p": 10.99
        }
      ],
      "latest_price": 10.99,
      "price_per_unit": 15.7,
      "unit_label": "L",
      "url": "https://barbora.ee/toode/gin-pablo-40-proc-700-ml",
      "img": "https://cdn.barbora.ee/products/c504d8b2-46bc-4d62-9ec3-c073dd9c09ea_m.png",
      "store": "Barbora",
      "is_sale": false
    },
    "Gin BEEFEATER Pink 37,5% 700ml": {
      "category": "Barbora:Ginid",
      "entries": [
        {
          "t": "2026-01-19T23:06:30.489722",
          "p": 16.99
        }
      ],
      "latest_price": 16.99,
      "price_per_unit": 24.27,
      "unit_label": "L",
      "url": "https://barbora.ee/toode/gin-beefeater-pink-37-5-proc-700-ml",
      "img": "https://cdn.barbora.ee/products/a4ef9ac8-b392-4137-adfd-8421a4e8300e_m.png",
      "store": "Barbora",
      "is_sale": false
    },
    "Gin SAAREMAA Ore 38% 500ml": {
      "category": "Barbora:Ginid",
      "entries": [
        {
          "t": "2026-01-19T23:06:30.489722",
          "p": 9.99
        }
      ],
      "latest_price": 9.99,
      "price_per_unit": 19.98,
      "unit_label": "L",
      "url": "https://barbora.ee/toode/gin-saaremaa-ore-38-proc-500-ml",
      "img": "https://cdn.barbora.ee/products/1178aaeb-3519-4ae9-84af-184bac7818c2_m.png",
      "store": "Barbora",
      "is_sale": false
    },
    "Gin GORDON`S 37,5% 700ml": {
      "category": "Barbora:Ginid",
      "entries": [
        {
          "t": "2026-01-19T23:06:30.489722",
          "p": 21.49
        }
      ],
      "latest_price": 21.49,
      "price_per_unit": 30.7,
      "unit_label": "L",
      "url": "https://barbora.ee/toode/gin-gordon-s-37-5-proc-700-ml",
      "img": "https://cdn.barbora.ee/products/9ec465da-daeb-415e-813c-f772c9cdb3d0_m.png",
      "store": "Barbora",
      "is_sale": false
    },
    "Gin BEEFEATER 40% 700ml": {
      "category": "Barbora:Ginid",
      "entries": [
        {
          "t": "2026-01-19T23:06:30.489722",
          "p": 13.99
        }
      ],
      "latest_price": 13.99,
      "price_per_unit": 19.99,
      "unit_label": "L",
      "url": "https://barbora.ee/toode/gin-beefeater-40-proc-700-ml",
      "img": "https://cdn.barbora.ee/products/1147d05a-4e20-4aa0-9103-9fafbda97af8_m.png",
      "store": "Barbora"
    },
    "Gin ARLINGTON 37.5% 700 ml": {
      "category": "Barbora:Ginid",
      "entries": [
        {
          "t": "2026-01-19T23:06:30.489722",
          "p": 15.49
        }
      ],
      "latest_price": 15.49,
      "price_per_unit": 22.13,
      "unit_label": "L",
      "url": "https://barbora.ee/toode/gin-arlington-37-5-proc-700-ml",
      "img": "https://cdn.barbora.ee/products/11b6d15f-5b61-46e7-9ae6-6c97c5015453_m.png",
      "store": "Barbora",
      "is_sale": false
    },
    "Gin GORDON`S London Dry 37.5% 1L": {
      "category": "Barbora:Ginid",
      "entries": [
        {
          "t": "2026-01-19T23:06:30.489722",
          "p": 29.99
        }
      ],
      "latest_price": 29.99,
      "price_per_unit": 29.99,
      "unit_label": "L",
      "url": "https://barbora.ee/toode/gin-gordon-s-london-dry-37-5-proc-1-l",
      "img": "https://cdn.barbora.ee/products/f53532d7-5549-4b88-9f99-36f9c0e28aea_m.png",
      "store": "Barbora",
      "is_sale": false
    },
    "Gin HENDRICK`S Gin 41.4% 700ml": {
      "category": "Barbora:Ginid",
      "entries": [
        {
          "t": "2026-01-19T23:06:30.489722",
          "p": 43.69
        }
      ],
      "latest_price": 43.69,
      "price_per_unit": 62.41,
      "unit_label": "L",
      "url": "https://barbora.ee/toode/gin-hendrick-s-gin-41-4-proc-700-ml",
      "img": "https://cdn.barbora.ee/products/5fa6eab8-dbb0-47da-8a4e-c8ebb5046fa5_m.png",
      "store": "Barbora"
    },
    "Gin SAARE 37.5% 0.5L": {
      "category": "Barbora:Ginid",
      "entries": [
        {
          "t": "2026-01-19T23:06:30.489722",
          "p": 10.99
        }
      ],
      "latest_price": 10.99,
      "price_per_unit": 21.98,
      "unit_label": "L",
      "url": "https://barbora.ee/toode/gin-saare-37-5-proc-0-5-l",
      "img": "https://cdn.barbora.ee/products/e8afe5d9-cdfc-4e57-b2aa-583ba42bfe7a_m.png",
      "store": "Barbora"
    },
    "Gin HOGARTH Dry Gin37.5% 700ml": {
      "category": "Barbora:Ginid",
      "entries": [
        {
          "t": "2026-01-19T23:06:30.489722",
          "p": 17.99
        },
        {
          "t": "2026-01-20T20:19:16.356742",
          "p": 12.99
        },
        {
          "t": "2026-01-26T23:38:52.095158",
          "p": 17.99
        }
      ],
      "latest_price": 17.99,
      "price_per_unit": 25.7,
      "unit_label": "L",
      "url": "https://barbora.ee/toode/gin-hogarth-dry-gin-37-5-proc-700-ml",
      "img": "https://cdn.barbora.ee/products/2da09fcb-59c8-4c1d-83c1-0929924ad180_m.png",
      "store": "Barbora"
    },
    "Gin TANQUERAY 43,1% 700ml": {
      "category": "Barbora:Ginid",
      "entries": [
        {
          "t": "2026-01-19T23:06:30.489722",
          "p": 27.49
        }
      ],
      "latest_price": 27.49,
      "price_per_unit": 39.27,
      "unit_label": "L",
      "url": "https://barbora.ee/toode/gin-tanqueray-43-1-proc-700-ml",
      "img": "https://cdn.barbora.ee/products/f47fdf31-0d75-442d-acc8-19b965081956_m.png",
      "store": "Barbora",
      "is_sale": false
    },
    "Gin CRAFTERS London Dry 43% 0.7L": {
      "category": "Barbora:Ginid",
      "entries": [
        {
          "t": "2026-01-19T23:06:30.489722",
          "p": 30.85
        }
      ],
      "latest_price": 30.85,
      "price_per_unit": 44.07,
      "unit_label": "L",
      "url": "https://barbora.ee/toode/gin-crafters-london-dry-43-proc-0-7-l",
      "img": "https://cdn.barbora.ee/products/9926fd6d-067f-4812-89b8-e422e18487f9_m.png",
      "store": "Barbora"
    },
    "Gin TANQUERAY Ten 47.3% 700ml": {
      "category": "Barbora:Ginid",
      "entries": [
        {
          "t": "2026-01-19T23:06:30.489722",
          "p": 34.99
        }
      ],
      "latest_price": 34.99,
      "price_per_unit": 49.99,
      "unit_label": "L",
      "url": "https://barbora.ee/toode/gin-tanqueray-ten-47-3-proc-700-ml",
      "img": "https://cdn.barbora.ee/products/43a962b3-9e3b-4cba-a07f-29e589a8551c_m.png",
      "store": "Barbora"
    },
    "Gin LANGLEY London Gin 37.5% 700ml": {
      "category": "Barbora:Ginid",
      "entries": [
        {
          "t": "2026-01-19T23:06:30.489722",
          "p": 16.49
        },
        {
          "t": "2026-01-27T10:31:51.707194",
          "p": 10.99
        }
      ],
      "latest_price": 10.99,
      "price_per_unit": 15.7,
      "unit_label": "L",
      "url": "https://barbora.ee/toode/gin-langley-london-gin-37-5-proc-700-ml",
      "img": "https://cdn.barbora.ee/products/fae8a29a-177b-4cad-a43a-cd1ee6a93101_m.png",
      "store": "Barbora",
      "is_sale": false
    },
    "Gin CRAFTERS Aromatic Flower 44,3% 700ml": {
      "category": "Barbora:Ginid",
      "entries": [
        {
          "t": "2026-01-19T23:06:30.489722",
          "p": 31.59
        }
      ],
      "latest_price": 31.59,
      "price_per_unit": 45.13,
      "unit_label": "L",
      "url": "https://barbora.ee/toode/gin-crafters-aromatic-flower-44-3-proc-700-ml",
      "img": "https://cdn.barbora.ee/products/4569bb5d-7e5b-44b0-85af-77f8adfd4676_m.png",
      "store": "Barbora"
    },
    "Gin SAAREMAA 37,5% 500ml": {
      "category": "Barbora:Ginid",
      "entries": [
        {
          "t": "2026-01-19T23:06:30.489722",
          "p": 10.49
        }
      ],
      "latest_price": 10.49,
      "price_per_unit": 20.98,
      "unit_label": "L",
      "url": "https://barbora.ee/toode/gin-saaremaa-37-5-proc-500-ml",
      "img": "https://cdn.barbora.ee/products/a8fb68fc-70d4-44f1-97b3-afa21de8c498_m.png",
      "store": "Barbora",
      "is_sale": false
    },
    "Gin BEEFEATER 40% 500ml": {
      "category": "Barbora:Ginid",
      "entries": [
        {
          "t": "2026-01-19T23:06:30.489722",
          "p": 12.99
        }
      ],
      "latest_price": 12.99,
      "price_per_unit": 25.98,
      "unit_label": "L",
      "url": "https://barbora.ee/toode/gin-beefeater-40-proc-500-ml",
      "img": "https://cdn.barbora.ee/products/eb78d496-17d4-4d32-9fec-77492e9121a0_m.png",
      "store": "Barbora",
      "is_sale": false
    },
    "Gin GORDON'S Premium Pink 37.5% 700ml": {
      "category": "Barbora:Ginid",
      "entries": [
        {
          "t": "2026-01-19T23:06:30.489722",
          "p": 21.49
        }
      ],
      "latest_price": 21.49,
      "price_per_unit": 30.7,
      "unit_label": "L",
      "url": "https://barbora.ee/toode/gin-gordon-s-premium-pink-37-5-proc-700-ml",
      "img": "https://cdn.barbora.ee/products/c59b42aa-6c1c-47b5-ac76-8cb0d1647597_m.png",
      "store": "Barbora",
      "is_sale": false
    },
    "Gin CROSS KEYS 41% 700ml": {
      "category": "Barbora:Ginid",
      "entries": [
        {
          "t": "2026-01-19T23:06:30.489722",
          "p": 26.99
        }
      ],
      "latest_price": 26.99,
      "price_per_unit": 38.56,
      "unit_label": "L",
      "url": "https://barbora.ee/toode/gin-cross-keys-41-proc-700-ml",
      "img": "https://cdn.barbora.ee/products/b464e652-0650-46d2-aeee-764e6bdd8c82_m.png",
      "store": "Barbora"
    },
    "Gin FREITAG 38% 500ml": {
      "category": "Barbora:Ginid",
      "entries": [
        {
          "t": "2026-01-19T23:06:30.489722",
          "p": 11.19
        },
        {
          "t": "2026-01-27T10:31:51.707194",
          "p": 8.99
        }
      ],
      "latest_price": 8.99,
      "price_per_unit": 17.98,
      "unit_label": "L",
      "url": "https://barbora.ee/toode/gin-freitag-38-proc-500-ml",
      "img": "https://cdn.barbora.ee/products/6e3c92e9-ccb3-461a-a998-e693cc865001_m.png",
      "store": "Barbora",
      "is_sale": false
    },
    "Gin Portobello Road 42% 700ml": {
      "category": "Barbora:Ginid",
      "entries": [
        {
          "t": "2026-01-19T23:06:30.489722",
          "p": 32.99
        },
        {
          "t": "2026-01-26T23:38:52.095158",
          "p": 42.99
        }
      ],
      "latest_price": 42.99,
      "price_per_unit": 61.41,
      "unit_label": "L",
      "url": "https://barbora.ee/toode/gin-portobello-road-42-proc-700-ml",
      "img": "https://cdn.barbora.ee/products/3573bb90-8ca7-41a4-a1a2-5ac431a4137d_m.png",
      "store": "Barbora"
    },
    "Gin Nordic Spirits Lab 41% 500ml": {
      "category": "Barbora:Ginid",
      "entries": [
        {
          "t": "2026-01-19T23:06:30.489722",
          "p": 22.99
        }
      ],
      "latest_price": 22.99,
      "price_per_unit": 45.98,
      "unit_label": "L",
      "url": "https://barbora.ee/toode/gin-nordic-spirits-lab-41-proc-500-ml",
      "img": "https://cdn.barbora.ee/products/663fb5da-63a7-41f7-aa31-fcf7c8f3aacc_m.png",
      "store": "Barbora"
    },
    "Gin KINGSMILL 38% 500ml": {
      "category": "Barbora:Ginid",
      "entries": [
        {
          "t": "2026-01-19T23:06:30.489722",
          "p": 9.99
        }
      ],
      "latest_price": 9.99,
      "price_per_unit": 19.98,
      "unit_label": "L",
      "url": "https://barbora.ee/toode/gin-kingsmill-38-proc-500-ml",
      "img": "https://cdn.barbora.ee/products/b278a37b-e722-469b-9fc1-ba0ce5c3c00e_m.png",
      "store": "Barbora",
      "is_sale": false
    },
    "Gin KINGSMILL 38% 200ml Pet": {
      "category": "Barbora:Ginid",
      "entries": [
        {
          "t": "2026-01-19T23:06:30.489722",
          "p": 4.45
        }
      ],
      "latest_price": 4.45,
      "price_per_unit": 22.25,
      "unit_label": "L",
      "url": "https://barbora.ee/toode/gin-kingsmill-38-proc-200-ml-pet",
      "img": "https://cdn.barbora.ee/products/53547922-17c5-4e54-9e85-49a277d462d7_m.png",
      "store": "Barbora"
    },
    "Gin KINGSMILL 38% 1L": {
      "category": "Barbora:Ginid",
      "entries": [
        {
          "t": "2026-01-19T23:06:30.489722",
          "p": 19.99
        },
        {
          "t": "2026-01-27T10:31:51.707194",
          "p": 16.99
        }
      ],
      "latest_price": 16.99,
      "price_per_unit": 16.99,
      "unit_label": "L",
      "url": "https://barbora.ee/toode/gin-kingsmill-38-proc-1-l",
      "img": "https://cdn.barbora.ee/products/f6ebe579-5ef1-48ab-8810-c3ff6819c050_m.png",
      "store": "Barbora",
      "is_sale": false
    },
    "Gin KINGSMILL Pink Raspberry 38% 0.5ml": {
      "category": "Barbora:Ginid",
      "entries": [
        {
          "t": "2026-01-19T23:06:30.489722",
          "p": 11.99
        }
      ],
      "latest_price": 11.99,
      "price_per_unit": 23.98,
      "unit_label": "L",
      "url": "https://barbora.ee/toode/gin-kingsmill-pink-raspberry-38-proc-0-5-ml",
      "img": "https://cdn.barbora.ee/products/424c29da-319c-4191-bdc4-ded70338a46e_m.png",
      "store": "Barbora"
    },
    "Gin TANQUERAY Sevilla 41.3% 700ml": {
      "category": "Barbora:Ginid",
      "entries": [
        {
          "t": "2026-01-19T23:06:30.489722",
          "p": 28.79
        }
      ],
      "latest_price": 28.79,
      "price_per_unit": 41.13,
      "unit_label": "L",
      "url": "https://barbora.ee/toode/gin-tanqueray-sevilla-41-3-proc-700-ml",
      "img": "https://cdn.barbora.ee/products/d02d6259-cc21-4b95-bfaf-34482008ac35_m.png",
      "store": "Barbora",
      "is_sale": false
    },
    "Gin MALFY Rosa 41% 700ml": {
      "category": "Barbora:Ginid",
      "entries": [
        {
          "t": "2026-01-19T23:06:30.489722",
          "p": 24.99
        }
      ],
      "latest_price": 24.99,
      "price_per_unit": 35.7,
      "unit_label": "L",
      "url": "https://barbora.ee/toode/gin-malfy-rosa-41-proc-700-ml",
      "img": "https://cdn.barbora.ee/products/8a8177d3-10eb-4d02-9fcd-ece755fd4d8b_m.png",
      "store": "Barbora"
    },
    "Gin BEEFEATER Blood Orange 37.5% 700ml": {
      "category": "Barbora:Ginid",
      "entries": [
        {
          "t": "2026-01-19T23:06:30.489722",
          "p": 16.99
        }
      ],
      "latest_price": 16.99,
      "price_per_unit": 24.27,
      "unit_label": "L",
      "url": "https://barbora.ee/toode/gin-beefeater-blood-orange-37-5-proc-700-ml",
      "img": "https://cdn.barbora.ee/products/9859c913-8083-4fef-a80d-f87e80d5708e_m.png",
      "store": "Barbora",
      "is_sale": false
    },
    "Gin SAAREMAA Rabarber 37.5% 500ml": {
      "category": "Barbora:Ginid",
      "entries": [
        {
          "t": "2026-01-19T23:06:30.489722",
          "p": 13.19
        }
      ],
      "latest_price": 13.19,
      "price_per_unit": 26.38,
      "unit_label": "L",
      "url": "https://barbora.ee/toode/gin-saaremaa-rabarber-37-5-proc-500-ml",
      "img": "https://cdn.barbora.ee/products/9ad17058-c6c8-4196-a787-640d76bcc99e_m.png",
      "store": "Barbora",
      "is_sale": false
    },
    "Gin SAAREMAA Kurk-Ingver 37.5% 500ml": {
      "category": "Barbora:Ginid",
      "entries": [
        {
          "t": "2026-01-19T23:06:30.489722",
          "p": 13.49
        }
      ],
      "latest_price": 13.49,
      "price_per_unit": 26.98,
      "unit_label": "L",
      "url": "https://barbora.ee/toode/gin-saaremaa-kurk-ingver-37-5-proc-500-ml",
      "img": "https://cdn.barbora.ee/products/f6ddce72-2e70-416f-8528-2b51d62099b2_m.png",
      "store": "Barbora",
      "is_sale": false
    },
    "Gin ROKU GIN 43% 700ml": {
      "category": "Barbora:Ginid",
      "entries": [
        {
          "t": "2026-01-19T23:06:30.489722",
          "p": 47.99
        }
      ],
      "latest_price": 47.99,
      "price_per_unit": 68.56,
      "unit_label": "L",
      "url": "https://barbora.ee/toode/gin-roku-gin-43-proc-700-ml",
      "img": "https://cdn.barbora.ee/products/bc831268-8320-463d-91b6-3983cd24d99f_m.png",
      "store": "Barbora"
    },
    "Gin CROSS KEYS Black Currant 38% 700ml": {
      "category": "Barbora:Ginid",
      "entries": [
        {
          "t": "2026-01-19T23:06:30.489722",
          "p": 26.99
        }
      ],
      "latest_price": 26.99,
      "price_per_unit": 38.56,
      "unit_label": "L",
      "url": "https://barbora.ee/toode/gin-cross-keys-black-currant-38-proc-700-ml-63461",
      "img": "https://cdn.barbora.ee/products/4bfe54f4-f6b0-4a2a-9190-1494e26772f9_m.png",
      "store": "Barbora"
    },
    "Gin KINGSMILL 38% 700ml": {
      "category": "Barbora:Ginid",
      "entries": [
        {
          "t": "2026-01-19T23:06:30.489722",
          "p": 12.99
        }
      ],
      "latest_price": 12.99,
      "price_per_unit": 18.56,
      "unit_label": "L",
      "url": "https://barbora.ee/toode/gin-kingsmill-38-proc-700-ml",
      "img": "https://cdn.barbora.ee/products/79a4fe4f-aa12-4f4c-9897-a1b88512268d_m.png",
      "store": "Barbora",
      "is_sale": false
    },
    "Gin FINSBURY London Dry 37.5% 700ml": {
      "category": "Barbora:Ginid",
      "entries": [
        {
          "t": "2026-01-19T23:06:30.489722",
          "p": 15.99
        },
        {
          "t": "2026-01-26T23:38:52.095158",
          "p": 20.99
        }
      ],
      "latest_price": 20.99,
      "price_per_unit": 29.99,
      "unit_label": "L",
      "url": "https://barbora.ee/toode/gin-finsbury-london-dry-37-5-proc-700-ml-63682",
      "img": "https://cdn.barbora.ee/products/04865827-83e3-4e5d-bf71-b000cb779346_m.png",
      "store": "Barbora"
    },
    "Gin FINSBURY Wild Strawberry 37.5% 700ml": {
      "category": "Barbora:Ginid",
      "entries": [
        {
          "t": "2026-01-19T23:06:30.489722",
          "p": 15.99
        },
        {
          "t": "2026-01-26T23:38:52.095158",
          "p": 20.99
        }
      ],
      "latest_price": 20.99,
      "price_per_unit": 29.99,
      "unit_label": "L",
      "url": "https://barbora.ee/toode/gin-finsbury-wild-strawberry-37-5-proc-700-ml",
      "img": "https://cdn.barbora.ee/products/d890960b-5d14-4ced-bbbb-c2c1c3b1feb8_m.png",
      "store": "Barbora"
    },
    "Gin SAARE Roosa 37.5% 500ml": {
      "category": "Barbora:Ginid",
      "entries": [
        {
          "t": "2026-01-19T23:06:30.489722",
          "p": 11.69
        }
      ],
      "latest_price": 11.69,
      "price_per_unit": 23.38,
      "unit_label": "L",
      "url": "https://barbora.ee/toode/gin-saare-roosa-37-5-proc-500-ml-73505",
      "img": "https://cdn.barbora.ee/products/168fc416-7d1d-46e8-b3cf-7e4c602edd2b_m.png",
      "store": "Barbora"
    },
    "Gin MALFY Originale 41% 700ml": {
      "category": "Barbora:Ginid",
      "entries": [
        {
          "t": "2026-01-19T23:06:30.489722",
          "p": 24.99
        }
      ],
      "latest_price": 24.99,
      "price_per_unit": 35.7,
      "unit_label": "L",
      "url": "https://barbora.ee/toode/gin-malfy-originale-41-proc-700-ml",
      "img": "https://cdn.barbora.ee/products/2284c392-0d3d-42a2-b9b4-df30feba92c2_m.png",
      "store": "Barbora"
    },
    "Gin SAAREMAA Ras 37.5% 500ml": {
      "category": "Barbora:Ginid",
      "entries": [
        {
          "t": "2026-01-19T23:06:30.489722",
          "p": 14.29
        }
      ],
      "latest_price": 14.29,
      "price_per_unit": 28.58,
      "unit_label": "L",
      "url": "https://barbora.ee/toode/gin-saaremaa-ras-37-5-proc-500-ml-99458",
      "img": "https://cdn.barbora.ee/products/46b543a1-af3d-4ed8-89ed-214933339e73_m.png",
      "store": "Barbora",
      "is_sale": false
    },
    "Gin BOMBAY SAPPHIRE Sunset 43% 700ml": {
      "category": "Barbora:Ginid",
      "entries": [
        {
          "t": "2026-01-19T23:06:30.489722",
          "p": 23.99
        },
        {
          "t": "2026-01-26T23:38:52.095158",
          "p": 32.55
        }
      ],
      "latest_price": 32.55,
      "price_per_unit": 46.5,
      "unit_label": "L",
      "url": "https://barbora.ee/toode/gin-bombay-sapphire-sunset-43-proc-700-ml",
      "img": "https://cdn.barbora.ee/products/cb4498a2-bb22-41a0-b0d1-d6cb5de23103_m.png",
      "store": "Barbora"
    },
    "Gin TANQUERAY Blackc. Royale 41.3% 700ml": {
      "category": "Barbora:Ginid",
      "entries": [
        {
          "t": "2026-01-19T23:06:30.489722",
          "p": 28.79
        }
      ],
      "latest_price": 28.79,
      "price_per_unit": 41.13,
      "unit_label": "L",
      "url": "https://barbora.ee/toode/gin-tanqueray-blackc-royale-41-3-proc-700-ml",
      "img": "https://cdn.barbora.ee/products/8aaf0d54-eaed-4b81-a66f-674544190e04_m.png",
      "store": "Barbora",
      "is_sale": false
    },
    "Gin MIDSOMER Dry Gin 38% 0.5l PET": {
      "category": "Barbora:Ginid",
      "entries": [
        {
          "t": "2026-01-19T23:06:30.489722",
          "p": 11.19
        }
      ],
      "latest_price": 11.19,
      "price_per_unit": 22.38,
      "unit_label": "L",
      "url": "https://barbora.ee/toode/gin-midsomer-dry-gin-38-proc-0-5-l-pet",
      "img": "https://cdn.barbora.ee/products/73d4c1f2-09a8-4765-b714-cbfce2b10562_m.png",
      "store": "Barbora"
    },
    "Gin UKIYO Japanese Blossom 40% 700ml": {
      "category": "Barbora:Ginid",
      "entries": [
        {
          "t": "2026-01-19T23:06:30.489722",
          "p": 63.99
        },
        {
          "t": "2026-01-27T10:31:51.707194",
          "p": 49.99
        }
      ],
      "latest_price": 49.99,
      "price_per_unit": 71.41,
      "unit_label": "L",
      "url": "https://barbora.ee/toode/gin-ukiyo-japanese-blossom-40-proc-700-ml",
      "img": "https://cdn.barbora.ee/products/c91ef50f-52f9-48f5-9063-4caa3c3b4095_m.png",
      "store": "Barbora",
      "is_sale": false
    },
    "Gin UKIYO Japanese Yuzu 40% 700ml": {
      "category": "Barbora:Ginid",
      "entries": [
        {
          "t": "2026-01-19T23:06:30.489722",
          "p": 63.99
        },
        {
          "t": "2026-01-27T10:31:51.707194",
          "p": 49.99
        }
      ],
      "latest_price": 49.99,
      "price_per_unit": 71.41,
      "unit_label": "L",
      "url": "https://barbora.ee/toode/gin-ukiyo-japanese-yuzu-40-proc-700-ml",
      "img": "https://cdn.barbora.ee/products/e530db19-5b77-4143-9474-3a8ce9ef4d55_m.png",
      "store": "Barbora",
      "is_sale": false
    },
    "Gin KINGSMILL Rabarber 38% 0,5l": {
      "category": "Barbora:Ginid",
      "entries": [
        {
          "t": "2026-01-19T23:06:30.489722",
          "p": 12.69
        }
      ],
      "latest_price": 12.69,
      "price_per_unit": 25.38,
      "unit_label": "L",
      "url": "https://barbora.ee/toode/gin-kingsmill-rabarber-38-proc-0-5-l",
      "img": "https://cdn.barbora.ee/products/07206f61-7f8a-4b73-b4b5-513b92f540a4_m.png",
      "store": "Barbora"
    },
    "Gin HENDRICK'S Flora Adora 43.4% 700ml": {
      "category": "Barbora:Ginid",
      "entries": [
        {
          "t": "2026-01-19T23:06:30.489722",
          "p": 52.99
        }
      ],
      "latest_price": 52.99,
      "price_per_unit": 75.7,
      "unit_label": "L",
      "url": "https://barbora.ee/toode/gin-hendrick-s-flora-adora-43-4-proc-700-ml",
      "img": "https://cdn.barbora.ee/products/4a71c62f-d5a3-42be-bc7d-b45ab47049e0_m.png",
      "store": "Barbora"
    },
    "Gin STRANGE LUVE Ebaküd. 40% 700ml": {
      "category": "Barbora:Ginid",
      "entries": [
        {
          "t": "2026-01-19T23:06:30.489722",
          "p": 11.99
        },
        {
          "t": "2026-01-20T20:19:16.356742",
          "p": 12.99
        }
      ],
      "latest_price": 12.99,
      "price_per_unit": 18.56,
      "unit_label": "L",
      "url": "https://barbora.ee/toode/gin-strange-luve-ebakud-40-proc-700-ml",
      "img": "https://cdn.barbora.ee/products/a76565ff-d50c-48de-ab28-7d9df4ea56ca_m.png",
      "store": "Barbora",
      "is_sale": false
    },
    "Gin 1666 LONDON BURNING GIN 41% 700ml": {
      "category": "Barbora:Ginid",
      "entries": [
        {
          "t": "2026-01-19T23:06:30.489722",
          "p": 14.99
        },
        {
          "t": "2026-01-20T20:19:16.356742",
          "p": 15.99
        }
      ],
      "latest_price": 15.99,
      "price_per_unit": 22.84,
      "unit_label": "L",
      "url": "https://barbora.ee/toode/gin-1666-london-burning-gin-41-proc-700-ml",
      "img": "https://cdn.barbora.ee/products/12cb8e7b-0af9-46a9-8059-61ed30c4465e_m.png",
      "store": "Barbora",
      "is_sale": false
    },
    "Gin KADA Kadaka 37.5% 500ml": {
      "category": "Barbora:Ginid",
      "entries": [
        {
          "t": "2026-01-19T23:06:30.489722",
          "p": 11.99
        }
      ],
      "latest_price": 11.99,
      "price_per_unit": 23.98,
      "unit_label": "L",
      "url": "https://barbora.ee/toode/gin-kada-kadaka-37-5-proc-500-ml",
      "img": "https://cdn.barbora.ee/products/809fb0bb-59e6-45a3-9d99-307137d6cd8e_m.png",
      "store": "Barbora"
    },
    "Gin JUNIMPERIUM Blended DryGin 45% 700ml": {
      "category": "Barbora:Ginid",
      "entries": [
        {
          "t": "2026-01-19T23:06:30.489722",
          "p": 39.99
        }
      ],
      "latest_price": 39.99,
      "price_per_unit": 57.13,
      "unit_label": "L",
      "url": "https://barbora.ee/toode/gin-junimperium-blended-drygin-45-proc-700-ml",
      "img": "https://cdn.barbora.ee/products/54bbc614-706a-4fa5-9c21-ac3d239fd489_m.png",
      "store": "Barbora",
      "is_sale": false
    },
    "Gin GORDON'S Passionfruit 37.5% 700ml": {
      "category": "Barbora:Ginid",
      "entries": [
        {
          "t": "2026-01-19T23:06:30.489722",
          "p": 21.49
        }
      ],
      "latest_price": 21.49,
      "price_per_unit": 30.7,
      "unit_label": "L",
      "url": "https://barbora.ee/toode/gin-gordon-s-passionfruit-37-5-proc-700-ml",
      "img": "https://cdn.barbora.ee/products/3c5ada9b-649d-4e38-9109-24de3f71e464_m.png",
      "store": "Barbora",
      "is_sale": false
    },
    "Pigiplekkide eemaldaja, CONCEPT, 1 l": {
      "category": "Selver:Autokeemia",
      "entries": [
        {
          "t": "2026-01-19T23:39:26.876673",
          "p": 5.49
        }
      ],
      "latest_price": 5.49,
      "price_per_unit": 5.49,
      "unit_label": "kg",
      "url": "https://www.selver.ee/pigiplekkide-eemaldaja-concept-1-l",
      "img": "https://www.selver.ee/img/450/440/resize/4/7/4740204004461.jpg",
      "store": "Selver",
      "is_sale": false
    },
    "Lõhnakuusk New Car Scent, WUNDER-BAUM, 1tk": {
      "category": "Selver:Autokeemia",
      "entries": [
        {
          "t": "2026-01-19T23:39:26.876673",
          "p": 1.55
        }
      ],
      "latest_price": 1.55,
      "price_per_unit": 1.55,
      "unit_label": "kg",
      "url": "https://www.selver.ee/lohnakuusk-new-car-scent-wunder-baum-1tk",
      "img": "https://www.selver.ee/img/450/440/resize/7/3/7315870070347.jpg",
      "store": "Selver",
      "is_sale": false
    },
    "Lõhnakuusk Black classic, WUNDER-BAUM, 1tk": {
      "category": "Selver:Autokeemia",
      "entries": [
        {
          "t": "2026-01-19T23:39:26.876673",
          "p": 1.55
        }
      ],
      "latest_price": 1.55,
      "price_per_unit": 1.55,
      "unit_label": "kg",
      "url": "https://www.selver.ee/lohnakuusk-black-classic-wunder-baum-1tk",
      "img": "https://www.selver.ee/img/450/440/resize/7/3/7315870470345.jpg",
      "store": "Selver",
      "is_sale": false
    },
    "Universaalõli, WD-40, 100 ml": {
      "category": "Selver:Autokeemia",
      "entries": [
        {
          "t": "2026-01-19T23:39:26.876673",
          "p": 4.69
        }
      ],
      "latest_price": 4.69,
      "price_per_unit": 46.9,
      "unit_label": "kg",
      "url": "https://www.selver.ee/universaaloli-wd-40-100-ml",
      "img": "data:image/gif;base64,R0lGODlhAQABAIAAAAAAAP///yH5BAEAAAAALAAAAAABAAEAAAIBRAA7",
      "store": "Selver",
      "is_sale": false
    },
    "Universaalmääre, WD-40, 200 ml": {
      "category": "Selver:Autokeemia",
      "entries": [
        {
          "t": "2026-01-19T23:39:26.876673",
          "p": 5.69
        }
      ],
      "latest_price": 5.69,
      "price_per_unit": 28.45,
      "unit_label": "kg",
      "url": "https://www.selver.ee/universaalmaare-wd-40-200-ml",
      "img": "https://www.selver.ee/img/450/440/resize/5/0/5032227370029.jpg",
      "store": "Selver",
      "is_sale": false
    },
    "Lõhnakuusk Stars N Stripes, WUNDER-BAUM, 1tk": {
      "category": "Selver:Autokeemia",
      "entries": [
        {
          "t": "2026-01-19T23:39:26.876673",
          "p": 1.55
        }
      ],
      "latest_price": 1.55,
      "price_per_unit": 1.55,
      "unit_label": "kg",
      "url": "https://www.selver.ee/lohnakuusk-stars-n-stripes-wunder-baum-1tk",
      "img": "https://www.selver.ee/img/450/440/resize/7/3/7315870070385.jpg",
      "store": "Selver",
      "is_sale": false
    },
    "Klaasipesuvedelik -20C etanooliga, MAYERI, 4 L": {
      "category": "Selver:Autokeemia",
      "entries": [
        {
          "t": "2026-01-19T23:39:26.876673",
          "p": 2.99
        },
        {
          "t": "2026-01-27T10:31:51.707194",
          "p": 5.59
        }
      ],
      "latest_price": 5.59,
      "price_per_unit": 1.4,
      "unit_label": "kg",
      "url": "https://www.selver.ee/klaasipesuvedelik-20c-etanooliga-mayeri-4-l",
      "img": "https://www.selver.ee/img/450/440/resize/4/7/4740060004759.jpg",
      "store": "Selver",
      "is_sale": false
    },
    "Lõhnakuusk Vanilje, WUNDER-BAUM, 1tk": {
      "category": "Selver:Autokeemia",
      "entries": [
        {
          "t": "2026-01-19T23:39:26.876673",
          "p": 1.55
        }
      ],
      "latest_price": 1.55,
      "price_per_unit": 1.55,
      "unit_label": "kg",
      "url": "https://www.selver.ee/lohnakuusk-vanilje-wunder-baum-1tk",
      "img": "https://www.selver.ee/img/450/440/resize/7/3/7315870070279.jpg",
      "store": "Selver",
      "is_sale": false
    },
    "Vihmavee eemaldi Invisible Wipers, , 500ml": {
      "category": "Selver:Autokeemia",
      "entries": [
        {
          "t": "2026-01-19T23:39:26.876673",
          "p": 8.49
        }
      ],
      "latest_price": 8.49,
      "price_per_unit": 8.49,
      "unit_label": "kg",
      "url": "https://www.selver.ee/vihmavee-eemaldi-invisible-wipers-500ml",
      "img": "https://www.selver.ee/img/450/440/resize/4/7/4770202393588.jpg",
      "store": "Selver",
      "is_sale": false
    },
    "Klaasipesuvedelik -4° etanooliga pouch bag, ALFA-KEM, 2,88 l": {
      "category": "Selver:Autokeemia",
      "entries": [
        {
          "t": "2026-01-19T23:39:26.876673",
          "p": 2.79
        }
      ],
      "latest_price": 2.79,
      "price_per_unit": 0.97,
      "unit_label": "kg",
      "url": "https://www.selver.ee/klaasipesuvedelik-4-etanooliga-pouch-bag-alfa-kem-2-88-l",
      "img": "data:image/gif;base64,R0lGODlhAQABAIAAAAAAAP///yH5BAEAAAAALAAAAAABAAEAAAIBRAA7",
      "store": "Selver",
      "is_sale": false
    },
    "Klaasipesuvedelik -40°C etanooliga, MAYERI, 5 L": {
      "category": "Selver:Autokeemia",
      "entries": [
        {
          "t": "2026-01-19T23:39:26.876673",
          "p": 5.49
        }
      ],
      "latest_price": 5.49,
      "price_per_unit": 1.1,
      "unit_label": "kg",
      "url": "https://www.selver.ee/klaasipesuvedelik-40-c-etanooliga-mayeri-5-l",
      "img": "data:image/gif;base64,R0lGODlhAQABAIAAAAAAAP///yH5BAEAAAAALAAAAAABAAEAAAIBRAA7",
      "store": "Selver"
    },
    "Pukseerimisköis, 4000 kg, ONROAD, 5 m": {
      "category": "Selver:Autokeemia",
      "entries": [
        {
          "t": "2026-01-19T23:39:26.876673",
          "p": 10.15
        }
      ],
      "latest_price": 10.15,
      "price_per_unit": 2.03,
      "unit_label": "kg",
      "url": "https://www.selver.ee/pukseerimiskois-4000-kg-onroad-5-m",
      "img": "https://www.selver.ee/img/450/440/resize/4/7/4743108006098.jpg",
      "store": "Selver",
      "is_sale": false
    },
    "Ohutusvest reflektoorne kollane XL, ONROAD, 1 tk": {
      "category": "Selver:Autokeemia",
      "entries": [
        {
          "t": "2026-01-19T23:39:26.876673",
          "p": 3.05
        }
      ],
      "latest_price": 3.05,
      "price_per_unit": 3.05,
      "unit_label": "kg",
      "url": "https://www.selver.ee/ohutusvest-reflektoorne-kollane-xl-onroad-1-tk",
      "img": "https://www.selver.ee/img/450/440/resize/4/7/4743108004216.jpg",
      "store": "Selver",
      "is_sale": false
    },
    "Klaasipuhasti Aero Eco 45cm, BOSCH, 1 tk": {
      "category": "Selver:Autokeemia",
      "entries": [
        {
          "t": "2026-01-19T23:39:26.876673",
          "p": 8.65
        }
      ],
      "latest_price": 8.65,
      "price_per_unit": 8.65,
      "unit_label": "kg",
      "url": "https://www.selver.ee/klaasipuhasti-aero-eco-45cm-bosch-1-tk",
      "img": "https://www.selver.ee/img/450/440/resize/4/0/4047026477580.jpg",
      "store": "Selver",
      "is_sale": false
    },
    "Klaasipuhasti Aero Eco 48cm, BOSCH, 1 tk": {
      "category": "Selver:Autokeemia",
      "entries": [
        {
          "t": "2026-01-19T23:39:26.876673",
          "p": 9.15
        }
      ],
      "latest_price": 9.15,
      "price_per_unit": 9.15,
      "unit_label": "kg",
      "url": "https://www.selver.ee/klaasipuhasti-aero-eco-48cm-bosch-1-tk",
      "img": "https://www.selver.ee/img/450/440/resize/4/0/4047026477597.jpg",
      "store": "Selver",
      "is_sale": false
    },
    "Klaasipuhasti Aero Eco 40cm, BOSCH, 1 tk": {
      "category": "Selver:Autokeemia",
      "entries": [
        {
          "t": "2026-01-19T23:39:26.876673",
          "p": 8.15
        }
      ],
      "latest_price": 8.15,
      "price_per_unit": 8.15,
      "unit_label": "kg",
      "url": "https://www.selver.ee/klaasipuhasti-aero-eco-40cm-bosch-1-tk",
      "img": "https://www.selver.ee/img/450/440/resize/4/0/4047026477573.jpg",
      "store": "Selver",
      "is_sale": false
    },
    "Klaasipuhasti Aero Eco 50cm, BOSCH, 1 tk": {
      "category": "Selver:Autokeemia",
      "entries": [
        {
          "t": "2026-01-19T23:39:26.876673",
          "p": 9.15
        }
      ],
      "latest_price": 9.15,
      "price_per_unit": 9.15,
      "unit_label": "kg",
      "url": "https://www.selver.ee/klaasipuhasti-aero-eco-50cm-bosch-1-tk",
      "img": "https://www.selver.ee/img/450/440/resize/4/0/4047026477603.jpg",
      "store": "Selver",
      "is_sale": false
    },
    "Klaasipuhasti Aero Eco 53cm, BOSCH, 1 tk": {
      "category": "Selver:Autokeemia",
      "entries": [
        {
          "t": "2026-01-19T23:39:26.876673",
          "p": 9.15
        }
      ],
      "latest_price": 9.15,
      "price_per_unit": 9.15,
      "unit_label": "kg",
      "url": "https://www.selver.ee/klaasipuhasti-aero-eco-53cm-bosch-1-tk",
      "img": "https://www.selver.ee/img/450/440/resize/4/0/4047026477610.jpg",
      "store": "Selver",
      "is_sale": false
    },
    "Klaasipuhasti Aero Eco 55cm, BOSCH, 1 tk": {
      "category": "Selver:Autokeemia",
      "entries": [
        {
          "t": "2026-01-19T23:39:26.876673",
          "p": 9.15
        }
      ],
      "latest_price": 9.15,
      "price_per_unit": 9.15,
      "unit_label": "kg",
      "url": "https://www.selver.ee/klaasipuhasti-aero-eco-55cm-bosch-1-tk",
      "img": "https://www.selver.ee/img/450/440/resize/4/0/4047026477627.jpg",
      "store": "Selver",
      "is_sale": false
    },
    "Klaasipuhasti Aero Eco 60cm, BOSCH, 1 tk": {
      "category": "Selver:Autokeemia",
      "entries": [
        {
          "t": "2026-01-19T23:39:26.876673",
          "p": 9.15
        }
      ],
      "latest_price": 9.15,
      "price_per_unit": 9.15,
      "unit_label": "kg",
      "url": "https://www.selver.ee/klaasipuhasti-aero-eco-60cm-bosch-1-tk",
      "img": "https://www.selver.ee/img/450/440/resize/4/0/4047026477634.jpg",
      "store": "Selver",
      "is_sale": false
    },
    "Klaasipuhasti Aero Eco 65cm, BOSCH, 1 tk": {
      "category": "Selver:Autokeemia",
      "entries": [
        {
          "t": "2026-01-19T23:39:26.876673",
          "p": 9.65
        }
      ],
      "latest_price": 9.65,
      "price_per_unit": 9.65,
      "unit_label": "kg",
      "url": "https://www.selver.ee/klaasipuhasti-aero-eco-65cm-bosch-1-tk",
      "img": "https://www.selver.ee/img/450/440/resize/4/0/4047026477641.jpg",
      "store": "Selver",
      "is_sale": false
    },
    "Klaasipuhasti Aero Eco 70cm, BOSCH, 1 tk": {
      "category": "Selver:Autokeemia",
      "entries": [
        {
          "t": "2026-01-19T23:39:26.876673",
          "p": 10.15
        }
      ],
      "latest_price": 10.15,
      "price_per_unit": 10.15,
      "unit_label": "kg",
      "url": "https://www.selver.ee/klaasipuhasti-aero-eco-70cm-bosch-1-tk",
      "img": "https://www.selver.ee/img/450/440/resize/4/0/4047026477658.jpg",
      "store": "Selver",
      "is_sale": false
    },
    "Lõhnakuusk Victory Lane, WUNDER-BAUM, 1 tk": {
      "category": "Selver:Autokeemia",
      "entries": [
        {
          "t": "2026-01-19T23:39:26.876673",
          "p": 1.55
        }
      ],
      "latest_price": 1.55,
      "price_per_unit": 1.55,
      "unit_label": "kg",
      "url": "https://www.selver.ee/lohnakuusk-victory-lane-wunder-baum-1-tk",
      "img": "https://www.selver.ee/img/450/440/resize/7/3/7315870570342.jpg",
      "store": "Selver",
      "is_sale": false
    },
    "Lõhnakuusk Forest Fresh, WUNDERBAUM, 1 tk": {
      "category": "Selver:Autokeemia",
      "entries": [
        {
          "t": "2026-01-19T23:39:26.876673",
          "p": 1.55
        }
      ],
      "latest_price": 1.55,
      "price_per_unit": 1.55,
      "unit_label": "kg",
      "url": "https://www.selver.ee/lohnakuusk-forest-fresh-wunderbaum-1-tk",
      "img": "https://www.selver.ee/img/450/440/resize/7/3/7315870070255.jpg",
      "store": "Selver",
      "is_sale": false
    },
    "Lõhnakuusk Virsik, WUNDERBAUM, 1 tk": {
      "category": "Selver:Autokeemia",
      "entries": [
        {
          "t": "2026-01-19T23:39:26.876673",
          "p": 1.55
        }
      ],
      "latest_price": 1.55,
      "price_per_unit": 1.55,
      "unit_label": "kg",
      "url": "https://www.selver.ee/lohnakuusk-virsik-wunderbaum-1-tk",
      "img": "https://www.selver.ee/img/450/440/resize/7/3/7315870270266.jpg",
      "store": "Selver",
      "is_sale": false
    },
    "Autolõhn Imao Paris, IMAO, 1 tk": {
      "category": "Selver:Autokeemia",
      "entries": [
        {
          "t": "2026-01-19T23:39:26.876673",
          "p": 4.35
        }
      ],
      "latest_price": 4.35,
      "price_per_unit": 4.35,
      "unit_label": "kg",
      "url": "https://www.selver.ee/autolohn-imao-paris-imao-1-tk",
      "img": "https://www.selver.ee/img/450/440/resize/3/7/3701419574003.jpg",
      "store": "Selver",
      "is_sale": false
    },
    "Autolõhn Imao New York, IMAO, 1 tk": {
      "category": "Selver:Autokeemia",
      "entries": [
        {
          "t": "2026-01-19T23:39:26.876673",
          "p": 4.35
        }
      ],
      "latest_price": 4.35,
      "price_per_unit": 4.35,
      "unit_label": "kg",
      "url": "https://www.selver.ee/autolohn-imao-new-york-imao-1-tk",
      "img": "https://www.selver.ee/img/450/440/resize/3/7/3700652901034.jpg",
      "store": "Selver",
      "is_sale": false
    },
    "Autolõhn Imao Miami, IMAO, 1 tk": {
      "category": "Selver:Autokeemia",
      "entries": [
        {
          "t": "2026-01-19T23:39:26.876673",
          "p": 4.35
        }
      ],
      "latest_price": 4.35,
      "price_per_unit": 4.35,
      "unit_label": "kg",
      "url": "https://www.selver.ee/autolohn-imao-miami-imao-1-tk",
      "img": "https://www.selver.ee/img/450/440/resize/3/7/3700652901171.jpg",
      "store": "Selver",
      "is_sale": false
    },
    "Autolõhn Imao Tokyo, IMAO, 1 tk": {
      "category": "Selver:Autokeemia",
      "entries": [
        {
          "t": "2026-01-19T23:39:26.876673",
          "p": 4.35
        }
      ],
      "latest_price": 4.35,
      "price_per_unit": 4.35,
      "unit_label": "kg",
      "url": "https://www.selver.ee/autolohn-imao-tokyo-imao-1-tk",
      "img": "https://www.selver.ee/img/450/440/resize/3/7/3700652900426.jpg",
      "store": "Selver",
      "is_sale": false
    },
    "Autolõhn Imao Sri Lanka, IMAO, 1 tk": {
      "category": "Selver:Autokeemia",
      "entries": [
        {
          "t": "2026-01-19T23:39:26.876673",
          "p": 4.35
        }
      ],
      "latest_price": 4.35,
      "price_per_unit": 4.35,
      "unit_label": "kg",
      "url": "https://www.selver.ee/autolohn-imao-sri-lanka-imao-1-tk",
      "img": "data:image/gif;base64,R0lGODlhAQABAIAAAAAAAP///yH5BAEAAAAALAAAAAABAAEAAAIBRAA7",
      "store": "Selver",
      "is_sale": false
    },
    "Autolõhn Fresh Bag Ocean Breeze, DR. MARCUS, 1 tk": {
      "category": "Selver:Autokeemia",
      "entries": [
        {
          "t": "2026-01-19T23:39:26.876673",
          "p": 2.55
        }
      ],
      "latest_price": 2.55,
      "price_per_unit": 2.55,
      "unit_label": "kg",
      "url": "https://www.selver.ee/autolohn-fresh-bag-ocean-breeze-dr-marcus-1-tk",
      "img": "data:image/gif;base64,R0lGODlhAQABAIAAAAAAAP///yH5BAEAAAAALAAAAAABAAEAAAIBRAA7",
      "store": "Selver",
      "is_sale": false
    },
    "Autolõhn Fresh Bag Tropical fruits, DR. MARCUS, 1 tk": {
      "category": "Selver:Autokeemia",
      "entries": [
        {
          "t": "2026-01-19T23:39:26.876673",
          "p": 2.55
        }
      ],
      "latest_price": 2.55,
      "price_per_unit": 2.55,
      "unit_label": "kg",
      "url": "https://www.selver.ee/autolohn-fresh-bag-tropical-fruits-dr-marcus-1-tk",
      "img": "data:image/gif;base64,R0lGODlhAQABAIAAAAAAAP///yH5BAEAAAAALAAAAAABAAEAAAIBRAA7",
      "store": "Selver",
      "is_sale": false
    },
    "Autolõhn Aqua Marine vent avale, DR. MARCUS, 1 tk": {
      "category": "Selver:Autokeemia",
      "entries": [
        {
          "t": "2026-01-19T23:39:26.876673",
          "p": 6.09
        }
      ],
      "latest_price": 6.09,
      "price_per_unit": 6.09,
      "unit_label": "kg",
      "url": "https://www.selver.ee/autolohn-aqua-marine-vent-avale-dr-marcus-1-tk",
      "img": "data:image/gif;base64,R0lGODlhAQABAIAAAAAAAP///yH5BAEAAAAALAAAAAABAAEAAAIBRAA7",
      "store": "Selver",
      "is_sale": false
    },
    "Autolõhn Midnight Mist vent avale, DR. MARCUS, 1 tk": {
      "category": "Selver:Autokeemia",
      "entries": [
        {
          "t": "2026-01-19T23:39:26.876673",
          "p": 6.09
        }
      ],
      "latest_price": 6.09,
      "price_per_unit": 6.09,
      "unit_label": "kg",
      "url": "https://www.selver.ee/autolohn-midnight-mist-vent-avale-dr-marcus-1-tk",
      "img": "https://www.selver.ee/img/450/440/resize/5/9/5903686505546.jpg",
      "store": "Selver",
      "is_sale": false
    },
    "Autolõhn Mystic Allure vent avale, DR. MARCUS, 1 tk": {
      "category": "Selver:Autokeemia",
      "entries": [
        {
          "t": "2026-01-19T23:39:26.876673",
          "p": 6.09
        }
      ],
      "latest_price": 6.09,
      "price_per_unit": 6.09,
      "unit_label": "kg",
      "url": "https://www.selver.ee/autolohn-mystic-allure-vent-avale-dr-marcus-1-tk",
      "img": "https://www.selver.ee/img/450/440/resize/5/9/5903686505553.jpg",
      "store": "Selver",
      "is_sale": false
    },
    "Autolõhn Crystal Glow vent avale, DR. MARCUS, 1 tk": {
      "category": "Selver:Autokeemia",
      "entries": [
        {
          "t": "2026-01-19T23:39:26.876673",
          "p": 6.09
        }
      ],
      "latest_price": 6.09,
      "price_per_unit": 6.09,
      "unit_label": "kg",
      "url": "https://www.selver.ee/autolohn-crystal-glow-vent-avale-dr-marcus-1-tk",
      "img": "https://www.selver.ee/img/450/440/resize/5/9/5903686505560.jpg",
      "store": "Selver",
      "is_sale": false
    },
    "Autolõhn Wild Fusion vent avale, DR. MARCUS, 1 tk": {
      "category": "Selver:Autokeemia",
      "entries": [
        {
          "t": "2026-01-19T23:39:26.876673",
          "p": 6.09
        }
      ],
      "latest_price": 6.09,
      "price_per_unit": 6.09,
      "unit_label": "kg",
      "url": "https://www.selver.ee/autolohn-wild-fusion-vent-avale-dr-marcus-1-tk",
      "img": "https://www.selver.ee/img/450/440/resize/5/9/5903686505577.jpg",
      "store": "Selver",
      "is_sale": false
    },
    "Naha puhastuslapid Vanilla, DR. MARCUS, 30 tk": {
      "category": "Selver:Autokeemia",
      "entries": [
        {
          "t": "2026-01-19T23:39:26.876673",
          "p": 2.55
        }
      ],
      "latest_price": 2.55,
      "price_per_unit": 0.08,
      "unit_label": "kg",
      "url": "https://www.selver.ee/naha-puhastuslapid-vanilla-dr-marcus-30-tk",
      "img": "https://www.selver.ee/img/450/440/resize/5/9/5900950768911.jpg",
      "store": "Selver",
      "is_sale": false
    },
    "Armatuuri puhastuslapid Vanilla, DR. MARCUS, 30 tk": {
      "category": "Selver:Autokeemia",
      "entries": [
        {
          "t": "2026-01-19T23:39:26.876673",
          "p": 2.55
        }
      ],
      "latest_price": 2.55,
      "price_per_unit": 0.08,
      "unit_label": "kg",
      "url": "https://www.selver.ee/armatuuri-puhastuslapid-vanilla-dr-marcus-30-tk",
      "img": "https://www.selver.ee/img/450/440/resize/5/9/5900950764319.jpg",
      "store": "Selver",
      "is_sale": false
    },
    "Autosampoon Super, MICHELIN, 1 l": {
      "category": "Selver:Autokeemia",
      "entries": [
        {
          "t": "2026-01-19T23:39:26.876673",
          "p": 4.49
        }
      ],
      "latest_price": 4.49,
      "price_per_unit": 4.49,
      "unit_label": "kg",
      "url": "https://www.selver.ee/autosampoon-super-michelin-1-l",
      "img": "https://www.selver.ee/img/450/440/resize/5/0/5060428031456.jpg",
      "store": "Selver",
      "is_sale": false
    },
    "Armatuuri puhastuslapid Ocean, DR. MARCUS, 30 tk": {
      "category": "Selver:Autokeemia",
      "entries": [
        {
          "t": "2026-01-19T23:39:26.876673",
          "p": 2.55
        }
      ],
      "latest_price": 2.55,
      "price_per_unit": 0.08,
      "unit_label": "kg",
      "url": "https://www.selver.ee/armatuuri-puhastuslapid-ocean-dr-marcus-30-tk",
      "img": "https://www.selver.ee/img/450/440/resize/5/9/5900950764326.jpg",
      "store": "Selver",
      "is_sale": false
    },
    "Käte puhastuslapid Lemon, DR. MARCUS, 30 tk": {
      "category": "Selver:Autokeemia",
      "entries": [
        {
          "t": "2026-01-19T23:39:26.876673",
          "p": 2.55
        }
      ],
      "latest_price": 2.55,
      "price_per_unit": 0.08,
      "unit_label": "kg",
      "url": "https://www.selver.ee/kate-puhastuslapid-lemon-dr-marcus-30-tk",
      "img": "https://www.selver.ee/img/450/440/resize/5/9/5900950764333.jpg",
      "store": "Selver",
      "is_sale": false
    },
    "Klaasi puhastusulapid Lemon, DR. MARCUS, 30 tk": {
      "category": "Selver:Autokeemia",
      "entries": [
        {
          "t": "2026-01-19T23:39:26.876673",
          "p": 2.55
        }
      ],
      "latest_price": 2.55,
      "price_per_unit": 0.08,
      "unit_label": "kg",
      "url": "https://www.selver.ee/klaasi-puhastusulapid-lemon-dr-marcus-30-tk",
      "img": "https://www.selver.ee/img/450/440/resize/5/9/5900950764340.jpg",
      "store": "Selver",
      "is_sale": false
    },
    "Niisked üldpuhastuslapid, fresh, ALL RIDE, 20 tk": {
      "category": "Selver:Autokeemia",
      "entries": [
        {
          "t": "2026-01-19T23:39:26.876673",
          "p": 1.65
        }
      ],
      "latest_price": 1.65,
      "price_per_unit": 0.08,
      "unit_label": "kg",
      "url": "https://www.selver.ee/niisked-uldpuhastuslapid-fresh-all-ride-20-tk",
      "img": "https://www.selver.ee/img/450/440/resize/8/7/8711252233130.jpg",
      "store": "Selver",
      "is_sale": false
    },
    "Niisked klaasipuhastuslapid,sidrun, ALL RIDE, 20 tk": {
      "category": "Selver:Autokeemia",
      "entries": [
        {
          "t": "2026-01-19T23:39:26.876673",
          "p": 1.65
        }
      ],
      "latest_price": 1.65,
      "price_per_unit": 0.08,
      "unit_label": "kg",
      "url": "https://www.selver.ee/niisked-klaasipuhastuslapid-sidrun-all-ride-20-tk",
      "img": "https://www.selver.ee/img/450/440/resize/8/7/8711252233147.jpg",
      "store": "Selver",
      "is_sale": false
    },
    "Niisked intreriööri puhastuslapid, ALL RIDE, 20 tk": {
      "category": "Selver:Autokeemia",
      "entries": [
        {
          "t": "2026-01-19T23:39:26.876673",
          "p": 1.65
        }
      ],
      "latest_price": 1.65,
      "price_per_unit": 0.08,
      "unit_label": "kg",
      "url": "https://www.selver.ee/niisked-intrerioori-puhastuslapid-all-ride-20-tk",
      "img": "https://www.selver.ee/img/450/440/resize/8/7/8711252233154.jpg",
      "store": "Selver",
      "is_sale": false
    },
    "Salongihooldus poolmatt, MOTIP, 600 ml": {
      "category": "Selver:Autokeemia",
      "entries": [
        {
          "t": "2026-01-19T23:39:26.876673",
          "p": 6.09
        }
      ],
      "latest_price": 6.09,
      "price_per_unit": 10.15,
      "unit_label": "kg",
      "url": "https://www.selver.ee/salongihooldus-poolmatt-motip-600-ml",
      "img": "https://www.selver.ee/img/450/440/resize/8/7/8711347212804.jpg",
      "store": "Selver",
      "is_sale": false
    },
    "Klaasipuhastusvaht sprei, MOTIP, 600 ml": {
      "category": "Selver:Autokeemia",
      "entries": [
        {
          "t": "2026-01-19T23:39:26.876673",
          "p": 6.09
        }
      ],
      "latest_price": 6.09,
      "price_per_unit": 10.15,
      "unit_label": "kg",
      "url": "https://www.selver.ee/klaasipuhastusvaht-sprei-motip-600-ml",
      "img": "https://www.selver.ee/img/450/440/resize/8/7/8711347212828.jpg",
      "store": "Selver",
      "is_sale": false
    },
    "Tekstiilipuhastus sprei, MOTIP, 600 ml": {
      "category": "Selver:Autokeemia",
      "entries": [
        {
          "t": "2026-01-19T23:39:26.876673",
          "p": 6.09
        }
      ],
      "latest_price": 6.09,
      "price_per_unit": 10.15,
      "unit_label": "kg",
      "url": "https://www.selver.ee/tekstiilipuhastus-sprei-motip-600-ml",
      "img": "https://www.selver.ee/img/450/440/resize/8/7/8711347218844.jpg",
      "store": "Selver",
      "is_sale": false
    },
    "Vihma eemaldaja, MOTIP, 500 ml": {
      "category": "Selver:Autokeemia",
      "entries": [
        {
          "t": "2026-01-19T23:39:26.876673",
          "p": 8.65
        }
      ],
      "latest_price": 8.65,
      "price_per_unit": 17.3,
      "unit_label": "kg",
      "url": "https://www.selver.ee/vihma-eemaldaja-motip-500-ml",
      "img": "https://www.selver.ee/img/450/440/resize/8/7/8711347220298.jpg",
      "store": "Selver",
      "is_sale": false
    },
    "Silikoonmääre sprei, MOTIP, 400 ml": {
      "category": "Selver:Autokeemia",
      "entries": [
        {
          "t": "2026-01-19T23:39:26.876673",
          "p": 5.09
        }
      ],
      "latest_price": 5.09,
      "price_per_unit": 12.73,
      "unit_label": "kg",
      "url": "https://www.selver.ee/silikoonmaare-sprei-motip-400-ml",
      "img": "https://www.selver.ee/img/450/440/resize/8/7/8711347226856.jpg",
      "store": "Selver",
      "is_sale": false
    },
    "Rehviparandusvaht, MOTIP, 500 ml": {
      "category": "Selver:Autokeemia",
      "entries": [
        {
          "t": "2026-01-19T23:39:26.876673",
          "p": 7.09
        }
      ],
      "latest_price": 7.09,
      "price_per_unit": 14.18,
      "unit_label": "kg",
      "url": "https://www.selver.ee/rehviparandusvaht-motip-500-ml",
      "img": "https://www.selver.ee/img/450/440/resize/8/7/8711347218967.jpg",
      "store": "Selver",
      "is_sale": false
    },
    "Epoksiidroostemuundur sprei, PRESTO, 150 ml": {
      "category": "Selver:Autokeemia",
      "entries": [
        {
          "t": "2026-01-19T23:39:26.876673",
          "p": 9.15
        }
      ],
      "latest_price": 9.15,
      "price_per_unit": 61.0,
      "unit_label": "kg",
      "url": "https://www.selver.ee/epoksiidroostemuundur-sprei-presto-150-ml",
      "img": "https://www.selver.ee/img/450/440/resize/4/0/4048500232992.jpg",
      "store": "Selver",
      "is_sale": false
    },
    "Jahutusvedelik -36 G12+ LL punane, APCHEMICALS, 1 l": {
      "category": "Selver:Autokeemia",
      "entries": [
        {
          "t": "2026-01-19T23:39:26.876673",
          "p": 3.55
        }
      ],
      "latest_price": 3.55,
      "price_per_unit": 3.55,
      "unit_label": "kg",
      "url": "https://www.selver.ee/jahutusvedelik-36-g12-ll-punane-apchemicals-1-l",
      "img": "data:image/gif;base64,R0lGODlhAQABAIAAAAAAAP///yH5BAEAAAAALAAAAAABAAEAAAIBRAA7",
      "store": "Selver",
      "is_sale": false
    },
    "Jahutusvedelik -36 G12+ LL punane, APCHEMICALS, 5 l": {
      "category": "Selver:Autokeemia",
      "entries": [
        {
          "t": "2026-01-19T23:39:26.876673",
          "p": 11.19
        }
      ],
      "latest_price": 11.19,
      "price_per_unit": 2.24,
      "unit_label": "kg",
      "url": "https://www.selver.ee/jahutusvedelik-36-g12-ll-punane-apchemicals-5-l",
      "img": "data:image/gif;base64,R0lGODlhAQABAIAAAAAAAP///yH5BAEAAAAALAAAAAABAAEAAAIBRAA7",
      "store": "Selver",
      "is_sale": false
    },
    "Jahutusvedelik -36C G11 roheline, APCHEMICALS, 1 l": {
      "category": "Selver:Autokeemia",
      "entries": [
        {
          "t": "2026-01-19T23:39:26.876673",
          "p": 3.25
        }
      ],
      "latest_price": 3.25,
      "price_per_unit": 3.25,
      "unit_label": "kg",
      "url": "https://www.selver.ee/jahutusvedelik-36c-g11-roheline-apchemicals-1-l",
      "img": "data:image/gif;base64,R0lGODlhAQABAIAAAAAAAP///yH5BAEAAAAALAAAAAABAAEAAAIBRAA7",
      "store": "Selver",
      "is_sale": false
    },
    "Jahutusvedelik -36C G11 roheline, APCHEMICALS, 5 l": {
      "category": "Selver:Autokeemia",
      "entries": [
        {
          "t": "2026-01-19T23:39:26.876673",
          "p": 10.15
        }
      ],
      "latest_price": 10.15,
      "price_per_unit": 2.03,
      "unit_label": "kg",
      "url": "https://www.selver.ee/jahutusvedelik-36c-g11-roheline-apchemicals-5-l",
      "img": "data:image/gif;base64,R0lGODlhAQABAIAAAAAAAP///yH5BAEAAAAALAAAAAABAAEAAAIBRAA7",
      "store": "Selver",
      "is_sale": false
    },
    "Mikroemulsioon pritspudelis, APCHEMICALS, 1 l": {
      "category": "Selver:Autokeemia",
      "entries": [
        {
          "t": "2026-01-19T23:39:26.876673",
          "p": 3.35
        }
      ],
      "latest_price": 3.35,
      "price_per_unit": 3.35,
      "unit_label": "kg",
      "url": "https://www.selver.ee/mikroemulsioon-pritspudelis-apchemicals-1-l",
      "img": "https://www.selver.ee/img/450/440/resize/4/7/4743108005152.jpg",
      "store": "Selver",
      "is_sale": false
    },
    "Lehter sõelaga, õli ja happekindel, ONROAD, 1 tk": {
      "category": "Selver:Autokeemia",
      "entries": [
        {
          "t": "2026-01-19T23:39:26.876673",
          "p": 1.85
        }
      ],
      "latest_price": 1.85,
      "price_per_unit": 1.85,
      "unit_label": "kg",
      "url": "https://www.selver.ee/lehter-soelaga-oli-ja-happekindel-onroad-1-tk",
      "img": "https://www.selver.ee/img/450/440/resize/4/7/4743108004193.jpg",
      "store": "Selver",
      "is_sale": false
    },
    "Käivitusjuhtmed 3m 400A, ONROAD, 1 kmpl": {
      "category": "Selver:Autokeemia",
      "entries": [
        {
          "t": "2026-01-19T23:39:26.876673",
          "p": 9.15
        }
      ],
      "latest_price": 9.15,
      "price_per_unit": 4.58,
      "unit_label": "kg",
      "url": "https://www.selver.ee/kaivitusjuhtmed-3m-400a-onroad-1-kmpl",
      "img": "https://www.selver.ee/img/450/440/resize/4/7/4743108005992.jpg",
      "store": "Selver",
      "is_sale": false
    },
    "Parkimiskell kartong, ONROAD, 1 tk": {
      "category": "Selver:Autokeemia",
      "entries": [
        {
          "t": "2026-01-19T23:39:26.876673",
          "p": 1.55
        }
      ],
      "latest_price": 1.55,
      "price_per_unit": 1.55,
      "unit_label": "kg",
      "url": "https://www.selver.ee/parkimiskell-kartong-onroad-1-tk",
      "img": "https://www.selver.ee/img/450/440/resize/4/7/4744988010076.jpg",
      "store": "Selver",
      "is_sale": false
    },
    "Armatuuri puhastussvamm sidrunilöhnaline, CAR PLAN, 1 tk": {
      "category": "Selver:Autokeemia",
      "entries": [
        {
          "t": "2026-01-19T23:39:26.876673",
          "p": 3.25
        }
      ],
      "latest_price": 3.25,
      "price_per_unit": 3.25,
      "unit_label": "kg",
      "url": "https://www.selver.ee/armatuuri-puhastussvamm-sidrunilohnaline-car-plan-1-tk",
      "img": "https://www.selver.ee/img/450/440/resize/5/0/5010373037249.jpg",
      "store": "Selver",
      "is_sale": false
    },
    "Poleerimis-puhastuslapp mikrofiiber 30x40 cm, AMIO, 1 tk": {
      "category": "Selver:Autokeemia",
      "entries": [
        {
          "t": "2026-01-19T23:39:26.876673",
          "p": 2.75
        }
      ],
      "latest_price": 2.75,
      "price_per_unit": 2.75,
      "unit_label": "kg",
      "url": "https://www.selver.ee/poleerimis-puhastuslapp-mikrofiiber-30x40-cm-amio-1-tk",
      "img": "https://www.selver.ee/img/450/440/resize/5/9/5903293028681.jpg",
      "store": "Selver",
      "is_sale": false
    },
    "Mikrofiiber pesukinnas, DUNLOP, 1 tk": {
      "category": "Selver:Autokeemia",
      "entries": [
        {
          "t": "2026-01-19T23:39:26.876673",
          "p": 4.05
        }
      ],
      "latest_price": 4.05,
      "price_per_unit": 4.05,
      "unit_label": "kg",
      "url": "https://www.selver.ee/mikrofiiber-pesukinnas-dunlop-1-tk",
      "img": "https://www.selver.ee/img/450/440/resize/8/7/8711252418148.jpg",
      "store": "Selver",
      "is_sale": false
    },
    "Autopesuhari, ONROAD, 1 tk": {
      "category": "Selver:Autokeemia",
      "entries": [
        {
          "t": "2026-01-19T23:39:26.876673",
          "p": 4.69
        }
      ],
      "latest_price": 4.69,
      "price_per_unit": 4.69,
      "unit_label": "kg",
      "url": "https://www.selver.ee/autopesuhari-onroad-1-tk",
      "img": "https://www.selver.ee/img/450/440/resize/5/9/5904720090486.jpg",
      "store": "Selver",
      "is_sale": false
    },
    "Mootoriõli ESP Formula 5W30, MOBIL, 1 l": {
      "category": "Selver:Autokeemia",
      "entries": [
        {
          "t": "2026-01-19T23:39:26.876673",
          "p": 16.25
        }
      ],
      "latest_price": 16.25,
      "price_per_unit": 16.25,
      "unit_label": "kg",
      "url": "https://www.selver.ee/mootorioli-esp-formula-5w30-mobil-1-l",
      "img": "https://www.selver.ee/img/450/440/resize/5/0/5055107425053.jpg",
      "store": "Selver",
      "is_sale": false
    },
    "Mootoriüli 3000X1 5W40, MOBIL, 1 l": {
      "category": "Selver:Autokeemia",
      "entries": [
        {
          "t": "2026-01-19T23:39:26.876673",
          "p": 12.19
        }
      ],
      "latest_price": 12.19,
      "price_per_unit": 12.19,
      "unit_label": "kg",
      "url": "https://www.selver.ee/mootoriuli-3000x1-5w40-mobil-1-l",
      "img": "https://www.selver.ee/img/450/440/resize/5/0/5055107432167.jpg",
      "store": "Selver",
      "is_sale": false
    },
    "Mootoriõli 2000X1 10W40, MOBIL, 1 l": {
      "category": "Selver:Autokeemia",
      "entries": [
        {
          "t": "2026-01-19T23:39:26.876673",
          "p": 10.15
        }
      ],
      "latest_price": 10.15,
      "price_per_unit": 10.15,
      "unit_label": "kg",
      "url": "https://www.selver.ee/mootorioli-2000x1-10w40-mobil-1-l",
      "img": "https://www.selver.ee/img/450/440/resize/5/0/5055107432204.jpg",
      "store": "Selver",
      "is_sale": false
    },
    "Autopesusvamm Jumbo, DUNLOP, 1 tk": {
      "category": "Selver:Autokeemia",
      "entries": [
        {
          "t": "2026-01-19T23:39:26.876673",
          "p": 2.05
        }
      ],
      "latest_price": 2.05,
      "price_per_unit": 2.05,
      "unit_label": "kg",
      "url": "https://www.selver.ee/autopesusvamm-jumbo-dunlop-1-tk",
      "img": "https://www.selver.ee/img/450/440/resize/8/7/8711252068763.jpg",
      "store": "Selver",
      "is_sale": false
    },
    "Autodeodorant Fresh Bag Bubble Gum, DR.MARCUS, 1 tk": {
      "category": "Selver:Autokeemia",
      "entries": [
        {
          "t": "2026-01-19T23:39:26.876673",
          "p": 2.55
        }
      ],
      "latest_price": 2.55,
      "price_per_unit": 2.55,
      "unit_label": "kg",
      "url": "https://www.selver.ee/autodeodorant-fresh-bag-bubble-gum-dr-marcus-1-tk",
      "img": "data:image/gif;base64,R0lGODlhAQABAIAAAAAAAP///yH5BAEAAAAALAAAAAABAAEAAAIBRAA7",
      "store": "Selver",
      "is_sale": false
    },
    "Lukusulataja, aerosool, MOTIP, 75 ml": {
      "category": "Selver:Autokeemia",
      "entries": [
        {
          "t": "2026-01-19T23:39:26.876673",
          "p": 4.49
        }
      ],
      "latest_price": 4.49,
      "price_per_unit": 59.87,
      "unit_label": "kg",
      "url": "https://www.selver.ee/lukusulataja-aerosool-motip-75-ml",
      "img": "data:image/gif;base64,R0lGODlhAQABAIAAAAAAAP///yH5BAEAAAAALAAAAAABAAEAAAIBRAA7",
      "store": "Selver",
      "is_sale": false
    },
    "Klaasipesu -20C talvine, plastkotis, AUTOMAAILM, 3 l": {
      "category": "Selver:Autokeemia",
      "entries": [
        {
          "t": "2026-01-19T23:39:26.876673",
          "p": 4.59
        }
      ],
      "latest_price": 4.59,
      "price_per_unit": 1.53,
      "unit_label": "kg",
      "url": "https://www.selver.ee/klaasipesu-20c-talvine-plastkotis-automaailm-3-l",
      "img": "https://www.selver.ee/img/450/440/resize/4/7/4743108005138.jpg",
      "store": "Selver",
      "is_sale": false
    },
    "Klaasipesu -40C talvine sidrun, AUTOMAAILM, 4 l": {
      "category": "Selver:Autokeemia",
      "entries": [
        {
          "t": "2026-01-19T23:39:26.876673",
          "p": 8.99
        }
      ],
      "latest_price": 8.99,
      "price_per_unit": 2.25,
      "unit_label": "kg",
      "url": "https://www.selver.ee/klaasipesu-40c-talvine-sidrun-automaailm-4-l",
      "img": "https://www.selver.ee/img/450/440/resize/4/7/4743108005220.jpg",
      "store": "Selver",
      "is_sale": false
    },
    "Jahutusvedelik ROTZ -35⁰ 5kg G12": {
      "category": "Barbora:Autokeemia",
      "entries": [
        {
          "t": "2026-01-20T20:19:16.356742",
          "p": 10.99
        }
      ],
      "latest_price": 10.99,
      "price_per_unit": 2.2,
      "unit_label": "kg",
      "url": "https://barbora.ee/toode/jahutusvedelik-rotz-35-5-kg-g-12",
      "img": "https://cdn.barbora.ee/products/d4a65cfa-0367-4f2e-8cac-04d42a9c8ee9_m.png",
      "store": "Barbora",
      "is_sale": false
    },
    "Hele õlu SAKU Kuld 5,2% 6x0,5l": {
      "category": "Barbora:Heledad Õlled",
      "entries": [
        {
          "t": "2026-01-20T20:19:16.356742",
          "p": 9.95
        },
        {
          "t": "2026-01-26T23:38:52.095158",
          "p": 10.99
        },
        {
          "t": "2026-01-27T10:31:51.707194",
          "p": 8.49
        }
      ],
      "latest_price": 8.49,
      "price_per_unit": 2.83,
      "unit_label": "L",
      "url": "https://barbora.ee/toode/hele-olu-saku-kuld-5-2-proc-6-x-0-5-l",
      "img": "https://cdn.barbora.ee/products/a5184f59-95aa-4902-a8b4-b6bfe6df1cfa_m.png",
      "store": "Barbora",
      "is_sale": false
    },
    "Muu piir.jook OAKHEART Original 32.5% 1L": {
      "category": "Barbora:Rummid",
      "entries": [
        {
          "t": "2026-01-20T20:19:16.356742",
          "p": 17.99
        }
      ],
      "latest_price": 17.99,
      "price_per_unit": 17.99,
      "unit_label": "L",
      "url": "https://barbora.ee/toode/muu-piir-jook-oakheart-original-32-5-proc-1-l",
      "img": "https://cdn.barbora.ee/products/0ddb53c8-65c6-452b-bc84-67ebe3813da3_m.png",
      "store": "Barbora"
    },
    "Piir.jook CAPTAIN MORGAN Spiced 35% 1l": {
      "category": "Barbora:Rummid",
      "entries": [
        {
          "t": "2026-01-26T22:36:20.613384",
          "p": 28.49
        }
      ],
      "latest_price": 28.49,
      "price_per_unit": 28.49,
      "unit_label": "L",
      "url": "https://barbora.ee/toode/piir-jook-captain-morgan-spiced-35-proc-1-l",
      "img": "https://cdn.barbora.ee/products/516a16c2-9e97-4b7b-acf9-98596b6ea638_m.png",
      "store": "Barbora",
      "is_sale": false
    },
    "Džinn GORDON´S London Dry, 70 cl": {
      "category": "Selver:Ginid",
      "entries": [
        {
          "t": "2026-01-26T22:36:20.613384",
          "p": 23.29
        },
        {
          "t": "2026-01-27T10:31:51.707194",
          "p": 16.49
        }
      ],
      "latest_price": 16.49,
      "price_per_unit": 23.56,
      "unit_label": "L",
      "url": "https://www.selver.ee/dzinn-gordon-s-london-dry-70-cl",
      "img": "https://www.selver.ee/img/450/440/resize/5/0/5000289925440.jpg",
      "store": "Selver",
      "is_sale": false
    },
    "Makaronid Fusilli DIVELLA 500g": {
      "category": "Barbora:Pasta",
      "entries": [
        {
          "t": "2026-01-26T22:36:20.613384",
          "p": 1.49
        }
      ],
      "latest_price": 1.49,
      "price_per_unit": 2.98,
      "unit_label": "kg",
      "url": "https://barbora.ee/toode/makaronid-fusilli-divella-500-g",
      "img": "https://cdn.barbora.ee/products/798e5319-bdf5-4bf8-aaa7-7c8d4c24b0e5_m.png",
      "store": "Barbora",
      "is_sale": false
    },
    "Spagetid Ristorante DIVELLA 1kg": {
      "category": "Barbora:Pasta",
      "entries": [
        {
          "t": "2026-01-26T22:36:20.613384",
          "p": 1.99
        }
      ],
      "latest_price": 1.99,
      "price_per_unit": 1.99,
      "unit_label": "kg",
      "url": "https://barbora.ee/toode/spagetid-ristorante-divella-1-kg",
      "img": "https://cdn.barbora.ee/products/27f7b48f-8f52-4413-b8d1-da038e4442ab_m.png",
      "store": "Barbora",
      "is_sale": false
    },
    "Kl.pesuvedelik TURTLE WAX -25°C 4L": {
      "category": "Barbora:Autokeemia",
      "entries": [
        {
          "t": "2026-01-27T10:31:51.707194",
          "p": 10.69
        }
      ],
      "latest_price": 10.69,
      "price_per_unit": 2.67,
      "unit_label": "kg",
      "url": "https://barbora.ee/toode/kl-pesuvedelik-turtle-wax-25-c-4-l",
      "img": "https://cdn.barbora.ee/products/f07d171a-30bf-45dd-b8ae-731f3617ed23_m.png",
      "store": "Barbora",
      "is_sale": false
    },
    "Hele õlu WARSTEINER Premium4.8%500ml,pdl": {
      "category": "Barbora:Heledad Õlled",
      "entries": [
        {
          "t": "2026-01-27T10:31:51.707194",
          "p": 1.59
        }
      ],
      "latest_price": 1.59,
      "price_per_unit": 3.18,
      "unit_label": "L",
      "url": "https://barbora.ee/toode/hele-olu-warsteiner-premium-4-8-proc-500-ml-pdl",
      "img": "https://cdn.barbora.ee/products/514bf47b-b8a5-4f36-91d8-e79687cc85b5_m.png",
      "store": "Barbora",
      "is_sale": false
    },
    "Hele õlu KRONENBOURG Lag. 5% 500ml, prk": {
      "category": "Barbora:Heledad Õlled",
      "entries": [
        {
          "t": "2026-01-27T10:38:06.647216",
          "p": 1.39
        }
      ],
      "latest_price": 1.39,
      "price_per_unit": 2.78,
      "unit_label": "L",
      "url": "https://barbora.ee/toode/hele-olu-kronenbourg-lag-5-proc-500-ml-prk",
      "img": "https://cdn.barbora.ee/products/2cf3c346-8f0a-4251-9a99-b2b874b9d06e_m.png",
      "store": "Barbora",
      "is_sale": false
    },
    "Hele õlu AMBER CITY 5.2% 500ml": {
      "category": "Barbora:Heledad Õlled",
      "entries": [
        {
          "t": "2026-01-27T10:38:06.647216",
          "p": 1.19
        }
      ],
      "latest_price": 1.19,
      "price_per_unit": 2.38,
      "unit_label": "L",
      "url": "https://barbora.ee/toode/hele-olu-amber-city-5-2-proc-500-ml",
      "img": "https://cdn.barbora.ee/products/6a11b97c-9bb7-462f-b2a7-1a91634ab6cc_m.png",
      "store": "Barbora",
      "is_sale": false
    },
    "Hele õlu ZLATA PRAHA 4.7% 500ml,prk": {
      "category": "Barbora:Heledad Õlled",
      "entries": [
        {
          "t": "2026-01-27T10:38:06.647216",
          "p": 1.19
        }
      ],
      "latest_price": 1.19,
      "price_per_unit": 2.38,
      "unit_label": "L",
      "url": "https://barbora.ee/toode/hele-olu-zlata-praha-4-7-proc-500-ml-prk",
      "img": "https://cdn.barbora.ee/products/a1407f30-1388-4786-985f-cc9070a44fe7_m.png",
      "store": "Barbora",
      "is_sale": false
    },
    "H.õlu Saku Originaal 4.7% 0.5L pdl": {
      "category": "Barbora:Heledad Õlled",
      "entries": [
        {
          "t": "2026-01-27T10:38:06.647216",
          "p": 1.39
        }
      ],
      "latest_price": 1.39,
      "price_per_unit": 2.78,
      "unit_label": "L",
      "url": "https://barbora.ee/toode/h-olu-saku-originaal-4-7-proc-0-5-l-pdl",
      "img": "https://cdn.barbora.ee/products/237d9dee-8c9d-499a-b940-71378a963fe7_m.png",
      "store": "Barbora",
      "is_sale": false
    },
    "H.õlu Saku Originaal 4,7% 0,5L prk": {
      "category": "Barbora:Heledad Õlled",
      "entries": [
        {
          "t": "2026-01-27T10:38:06.647216",
          "p": 1.39
        }
      ],
      "latest_price": 1.39,
      "price_per_unit": 2.78,
      "unit_label": "L",
      "url": "https://barbora.ee/toode/h-olu-saku-originaal-4-7-proc-0-5-l-prk",
      "img": "https://cdn.barbora.ee/products/5afe71aa-c4e5-4201-bccf-81cc47bb642a_m.png",
      "store": "Barbora",
      "is_sale": false
    },
    "H.õlu Saku Originaal 4,7% 6*0,5L prk": {
      "category": "Barbora:Heledad Õlled",
      "entries": [
        {
          "t": "2026-01-27T10:38:06.647216",
          "p": 7.99
        }
      ],
      "latest_price": 7.99,
      "price_per_unit": 2.67,
      "unit_label": "L",
      "url": "https://barbora.ee/toode/h-olu-saku-originaal-4-7-proc-6-0-5-l-prk",
      "img": "https://cdn.barbora.ee/products/20c5205b-2d6b-4d69-9965-86e1db99772e_m.png",
      "store": "Barbora",
      "is_sale": false
    },
    "Hele õlu KOZEL Premium Lager 4.6% 500ml": {
      "category": "Barbora:Heledad Õlled",
      "entries": [
        {
          "t": "2026-01-27T10:38:06.647216",
          "p": 1.79
        }
      ],
      "latest_price": 1.79,
      "price_per_unit": 3.58,
      "unit_label": "L",
      "url": "https://barbora.ee/toode/hele-olu-kozel-premium-lager-4-6-proc-500-ml",
      "img": "https://cdn.barbora.ee/products/fd214cd3-e5a3-4d31-8d42-accc385da8a3_m.png",
      "store": "Barbora",
      "is_sale": false
    },
    "Hele õlu BLOND MUNK 6%,500ml,pdl": {
      "category": "Barbora:Heledad Õlled",
      "entries": [
        {
          "t": "2026-01-27T10:38:06.647216",
          "p": 2.29
        }
      ],
      "latest_price": 2.29,
      "price_per_unit": 4.58,
      "unit_label": "L",
      "url": "https://barbora.ee/toode/hele-olu-blond-munk-6-proc-500-ml-pdl",
      "img": "https://cdn.barbora.ee/products/474c940d-61fa-41d2-b03d-0afc410d6155_m.png",
      "store": "Barbora",
      "is_sale": false
    },
    "Hele õlu SAKU ON ICE 5% 6X330ml, pdl": {
      "category": "Barbora:Heledad Õlled",
      "entries": [
        {
          "t": "2026-01-27T10:38:06.647216",
          "p": 6.49
        }
      ],
      "latest_price": 6.49,
      "price_per_unit": 3.28,
      "unit_label": "L",
      "url": "https://barbora.ee/toode/hele-olu-saku-on-ice-5-proc-6-x-330-ml-pdl",
      "img": "https://cdn.barbora.ee/products/eb90a266-2093-4818-bf42-a6fe0b16c1da_m.png",
      "store": "Barbora",
      "is_sale": false
    },
    "Hele õlu TAURUS 6% 1L,PET": {
      "category": "Barbora:Heledad Õlled",
      "entries": [
        {
          "t": "2026-01-27T10:38:06.647216",
          "p": 2.29
        }
      ],
      "latest_price": 2.29,
      "price_per_unit": 2.29,
      "unit_label": "L",
      "url": "https://barbora.ee/toode/hele-olu-taurus-6-proc-1-l-pet",
      "img": "https://cdn.barbora.ee/products/c61347fd-a13f-4585-a59f-f62904bfd82b_m.png",
      "store": "Barbora",
      "is_sale": false
    },
    "Punan.õlu KARL FRIEDRICH Märzen5%,0.568L": {
      "category": "Barbora:Heledad Õlled",
      "entries": [
        {
          "t": "2026-01-27T10:38:06.647216",
          "p": 1.45
        }
      ],
      "latest_price": 1.45,
      "price_per_unit": 2.55,
      "unit_label": "L",
      "url": "https://barbora.ee/toode/punan-olu-karl-friedrich-marzen-5-proc-0-568-l",
      "img": "https://cdn.barbora.ee/products/269bbf2c-26cf-42b6-a3cd-d3c98025f6fa_m.png",
      "store": "Barbora",
      "is_sale": false
    },
    "Hele õlu CRONUS Lager 4,0% 0.5l prk": {
      "category": "Barbora:Heledad Õlled",
      "entries": [
        {
          "t": "2026-01-27T10:38:06.647216",
          "p": 0.79
        }
      ],
      "latest_price": 0.79,
      "price_per_unit": 1.58,
      "unit_label": "L",
      "url": "https://barbora.ee/toode/hele-olu-cronus-lager-4-0-proc-0-5-l-prk",
      "img": "https://cdn.barbora.ee/products/7712e598-ed98-430d-9f51-3104405cdd0f_m.png",
      "store": "Barbora",
      "is_sale": false
    },
    "Hele õlu CRONUS Lager 6,0% 0.5l prk": {
      "category": "Barbora:Heledad Õlled",
      "entries": [
        {
          "t": "2026-01-27T10:38:06.647216",
          "p": 0.99
        }
      ],
      "latest_price": 0.99,
      "price_per_unit": 1.98,
      "unit_label": "L",
      "url": "https://barbora.ee/toode/hele-olu-cronus-lager-6-0-proc-0-5-l-prk",
      "img": "https://cdn.barbora.ee/products/c40603f0-cca4-4389-99cc-bf0444904b73_m.png",
      "store": "Barbora",
      "is_sale": false
    },
    "Hele õlu Leffe Blonde 6.6% 500ml prk": {
      "category": "Barbora:Heledad Õlled",
      "entries": [
        {
          "t": "2026-01-27T10:38:06.647216",
          "p": 2.19
        }
      ],
      "latest_price": 2.19,
      "price_per_unit": 4.38,
      "unit_label": "L",
      "url": "https://barbora.ee/toode/hele-olu-leffe-blonde-6-6-proc-500-ml-prk",
      "img": "https://cdn.barbora.ee/products/8fbdcc59-b207-4be3-b444-b6fe0c92167e_m.png",
      "store": "Barbora",
      "is_sale": false
    },
    "Hele õlu AMBER CITY Lager 5% 500ml prk": {
      "category": "Barbora:Heledad Õlled",
      "entries": [
        {
          "t": "2026-01-27T10:38:06.647216",
          "p": 0.99
        }
      ],
      "latest_price": 0.99,
      "price_per_unit": 1.98,
      "unit_label": "L",
      "url": "https://barbora.ee/toode/hele-olu-amber-city-lager-5-proc-500-ml-prk",
      "img": "https://cdn.barbora.ee/products/47a30f5e-a0a3-49fc-b06a-655fb324877a_m.png",
      "store": "Barbora",
      "is_sale": false
    },
    "Hele õlu PILSNER 4.2% 0.5L prk": {
      "category": "Barbora:Heledad Õlled",
      "entries": [
        {
          "t": "2026-01-27T10:38:06.647216",
          "p": 1.19
        }
      ],
      "latest_price": 1.19,
      "price_per_unit": 2.38,
      "unit_label": "L",
      "url": "https://barbora.ee/toode/hele-olu-pilsner-4-2-proc-0-5-l-prk",
      "img": "https://cdn.barbora.ee/products/658f6bf5-8f3d-4e83-a0b9-77a857ccf498_m.png",
      "store": "Barbora",
      "is_sale": false
    },
    "Hele õlu PILSNER 4.2% 6x500ml,prk": {
      "category": "Barbora:Heledad Õlled",
      "entries": [
        {
          "t": "2026-01-27T10:38:06.647216",
          "p": 6.99
        }
      ],
      "latest_price": 6.99,
      "price_per_unit": 2.33,
      "unit_label": "L",
      "url": "https://barbora.ee/toode/hele-olu-pilsner-4-2-proc-6-x-500-ml-prk",
      "img": "https://cdn.barbora.ee/products/bea656f5-9867-4128-bbfd-07dd15f823f1_m.png",
      "store": "Barbora",
      "is_sale": false
    },
    "Hele õlu Saku Hele 5.2% 500ml,pdl": {
      "category": "Barbora:Heledad Õlled",
      "entries": [
        {
          "t": "2026-01-27T10:38:06.647216",
          "p": 1.39
        }
      ],
      "latest_price": 1.39,
      "price_per_unit": 2.78,
      "unit_label": "L",
      "url": "https://barbora.ee/toode/hele-olu-saku-hele-5-2-proc-500-ml-pdl",
      "img": "https://cdn.barbora.ee/products/79f16f59-805d-40de-8c38-b7723bff75c3_m.png",
      "store": "Barbora",
      "is_sale": false
    },
    "Õlu SAARE Taar 4.2%0.5l prk": {
      "category": "Barbora:Heledad Õlled",
      "entries": [
        {
          "t": "2026-01-27T10:38:06.647216",
          "p": 1.39
        }
      ],
      "latest_price": 1.39,
      "price_per_unit": 2.78,
      "unit_label": "L",
      "url": "https://barbora.ee/toode/olu-saare-taar-4-2-proc-0-5-l-prk",
      "img": "https://cdn.barbora.ee/products/5b1f412b-dd19-4e1b-bd2d-ca25a66a7693_m.png",
      "store": "Barbora",
      "is_sale": false
    },
    "Õlu ALEXANDER Unf 5.0% 0.568l prk": {
      "category": "Barbora:Heledad Õlled",
      "entries": [
        {
          "t": "2026-01-27T10:38:06.647216",
          "p": 1.49
        }
      ],
      "latest_price": 1.49,
      "price_per_unit": 2.63,
      "unit_label": "L",
      "url": "https://barbora.ee/toode/olu-alexander-unf-5-0-proc-0-568-l-prk",
      "img": "https://cdn.barbora.ee/products/5c0baec5-f64a-4f34-8820-c2a53ac9bde2_m.png",
      "store": "Barbora",
      "is_sale": false
    },
    "Hele õlu CARLSBERG Snapp. 5% 6*500ml prk": {
      "category": "Barbora:Heledad Õlled",
      "entries": [
        {
          "t": "2026-01-27T10:38:06.647216",
          "p": 8.79
        }
      ],
      "latest_price": 8.79,
      "price_per_unit": 2.93,
      "unit_label": "L",
      "url": "https://barbora.ee/toode/hele-olu-carlsberg-snapp-5-proc-6-500-ml-prk",
      "img": "https://cdn.barbora.ee/products/135d9c90-ad83-464b-844b-e3359139d188_m.png",
      "store": "Barbora",
      "is_sale": false
    },
    "Hele õlu SAKU ORIGINAAL 4.7% 24x330ml": {
      "category": "Barbora:Heledad Õlled",
      "entries": [
        {
          "t": "2026-01-27T10:38:06.647216",
          "p": 17.99
        }
      ],
      "latest_price": 17.99,
      "price_per_unit": 2.27,
      "unit_label": "L",
      "url": "https://barbora.ee/toode/hele-olu-saku-originaal-4-7-proc-24-x-330-ml",
      "img": "https://cdn.barbora.ee/products/a50b6dc0-b2c4-4e96-a076-46cbaab2fc65_m.png",
      "store": "Barbora",
      "is_sale": false
    },
    "Hele õlu TUBORG Lime cut 4.5% 330ml": {
      "category": "Barbora:Heledad Õlled",
      "entries": [
        {
          "t": "2026-01-27T10:38:06.647216",
          "p": 1.19
        }
      ],
      "latest_price": 1.19,
      "price_per_unit": 3.6,
      "unit_label": "L",
      "url": "https://barbora.ee/toode/hele-olu-tuborg-lime-cut-4-5-proc-330-ml",
      "img": "https://cdn.barbora.ee/products/1749d2b9-c90b-4865-9590-c6beb9ecfc5c_m.png",
      "store": "Barbora",
      "is_sale": false
    },
    "Õlu CRONUS Strong 7.5% 500ml prk": {
      "category": "Barbora:Heledad Õlled",
      "entries": [
        {
          "t": "2026-01-27T10:38:06.647216",
          "p": 1.09
        }
      ],
      "latest_price": 1.09,
      "price_per_unit": 2.18,
      "unit_label": "L",
      "url": "https://barbora.ee/toode/olu-cronus-strong-7-5-proc-500-ml-prk",
      "img": "https://cdn.barbora.ee/products/b8bca496-7a40-46f9-a075-693467f5dd2b_m.png",
      "store": "Barbora",
      "is_sale": false
    },
    "Õlu CRONUS Lager 6% 1L PET": {
      "category": "Barbora:Heledad Õlled",
      "entries": [
        {
          "t": "2026-01-27T10:38:06.647216",
          "p": 1.69
        }
      ],
      "latest_price": 1.69,
      "price_per_unit": 1.69,
      "unit_label": "L",
      "url": "https://barbora.ee/toode/olu-cronus-lager-6-proc-1-l-pet",
      "img": "https://cdn.barbora.ee/products/56b084be-1ecd-4693-bafe-9ced07001c2b_m.png",
      "store": "Barbora",
      "is_sale": false
    },
    "Hele õlu PREMIUM Select 4.3% 12x355ml": {
      "category": "Barbora:Heledad Õlled",
      "entries": [
        {
          "t": "2026-01-27T10:38:06.647216",
          "p": 10.49
        }
      ],
      "latest_price": 10.49,
      "price_per_unit": 2.47,
      "unit_label": "L",
      "url": "https://barbora.ee/toode/hele-olu-premium-select-4-3-proc-12-x-355-ml",
      "img": "https://cdn.barbora.ee/products/806a2ec3-a9e0-4642-933f-9d7373496041_m.png",
      "store": "Barbora",
      "is_sale": false
    },
    "Hele õlu PREMIUM Select 4.3% 355ml prk": {
      "category": "Barbora:Heledad Õlled",
      "entries": [
        {
          "t": "2026-01-27T10:38:06.647216",
          "p": 0.99
        }
      ],
      "latest_price": 0.99,
      "price_per_unit": 2.79,
      "unit_label": "L",
      "url": "https://barbora.ee/toode/hele-olu-premium-select-4-3-proc-355-ml-prk",
      "img": "https://cdn.barbora.ee/products/1884ff16-1ddb-4cd8-993e-2dd79724e857_m.png",
      "store": "Barbora",
      "is_sale": false
    },
    "Hele õlu PÕHJALA Uus M. 4.7% 330m": {
      "category": "Barbora:Heledad Õlled",
      "entries": [
        {
          "t": "2026-01-27T10:38:06.647216",
          "p": 2.19
        }
      ],
      "latest_price": 2.19,
      "price_per_unit": 6.64,
      "unit_label": "L",
      "url": "https://barbora.ee/toode/hele-olu-pohjala-uus-m-4-7-proc-330-m",
      "img": "https://cdn.barbora.ee/products/65db94e4-27b3-423f-af00-2e621e5c94ee_m.png",
      "store": "Barbora",
      "is_sale": false
    },
    "Õlu GUBERNIJA Ekstra Lager 5.2% 568ml": {
      "category": "Barbora:Heledad Õlled",
      "entries": [
        {
          "t": "2026-01-27T10:38:06.647216",
          "p": 1.49
        }
      ],
      "latest_price": 1.49,
      "price_per_unit": 2.62,
      "unit_label": "L",
      "url": "https://barbora.ee/toode/olu-gubernija-ekstra-lager-5-2-proc-568-ml-61502",
      "img": "https://cdn.barbora.ee/products/52c9c89e-2c0c-4f67-bb16-d91acf5b73f1_m.png",
      "store": "Barbora",
      "is_sale": false
    },
    "Õlu GUBERNIJA Traditional b. 6% 568ml": {
      "category": "Barbora:Heledad Õlled",
      "entries": [
        {
          "t": "2026-01-27T10:38:06.647216",
          "p": 1.59
        }
      ],
      "latest_price": 1.59,
      "price_per_unit": 2.8,
      "unit_label": "L",
      "url": "https://barbora.ee/toode/olu-gubernija-traditional-b-6-proc-568-ml-61504",
      "img": "https://cdn.barbora.ee/products/7d5392c4-1c61-45f6-9949-03210846e560_m.png",
      "store": "Barbora",
      "is_sale": false
    },
    "Õlu BAVARIA Premium 5% 500ml": {
      "category": "Barbora:Heledad Õlled",
      "entries": [
        {
          "t": "2026-01-27T10:38:06.647216",
          "p": 1.49
        }
      ],
      "latest_price": 1.49,
      "price_per_unit": 2.98,
      "unit_label": "L",
      "url": "https://barbora.ee/toode/olu-bavaria-premium-5-proc-500-ml",
      "img": "https://cdn.barbora.ee/products/0a3b2ac7-0df9-4f49-b004-c6378d643d28_m.png",
      "store": "Barbora",
      "is_sale": false
    },
    "Hele õlu CRONUS 6% 2L": {
      "category": "Barbora:Heledad Õlled",
      "entries": [
        {
          "t": "2026-01-27T10:38:06.647216",
          "p": 2.89
        }
      ],
      "latest_price": 2.89,
      "price_per_unit": 1.45,
      "unit_label": "L",
      "url": "https://barbora.ee/toode/hele-olu-cronus-6-proc-2-l",
      "img": "https://cdn.barbora.ee/products/543781a8-c0ac-413b-9dfc-1f245f2c9437_m.png",
      "store": "Barbora",
      "is_sale": false
    },
    "Hele õlu CRONUS 4.2% 2L": {
      "category": "Barbora:Heledad Õlled",
      "entries": [
        {
          "t": "2026-01-27T10:38:06.647216",
          "p": 2.59
        }
      ],
      "latest_price": 2.59,
      "price_per_unit": 1.3,
      "unit_label": "L",
      "url": "https://barbora.ee/toode/hele-olu-cronus-4-2-proc-2-l",
      "img": "https://cdn.barbora.ee/products/09b11e1a-0a9f-4580-a44b-8b8e0b41c608_m.png",
      "store": "Barbora",
      "is_sale": false
    },
    "Õlu DAMM Inedit 4.8% 500ml": {
      "category": "Barbora:Heledad Õlled",
      "entries": [
        {
          "t": "2026-01-27T10:38:06.647216",
          "p": 1.99
        }
      ],
      "latest_price": 1.99,
      "price_per_unit": 3.98,
      "unit_label": "L",
      "url": "https://barbora.ee/toode/olu-damm-inedit-4-8-proc-500-ml",
      "img": "https://cdn.barbora.ee/products/fbdcfd5f-72ca-4a5c-87f9-03ff3dc1e088_m.png",
      "store": "Barbora",
      "is_sale": false
    },
    "Hele õlu TUBORG 4.6% 500ml, prk": {
      "category": "Barbora:Heledad Õlled",
      "entries": [
        {
          "t": "2026-01-27T10:38:06.647216",
          "p": 1.39
        }
      ],
      "latest_price": 1.39,
      "price_per_unit": 2.78,
      "unit_label": "L",
      "url": "https://barbora.ee/toode/hele-olu-tuborg-4-6-proc-500-ml-prk",
      "img": "https://cdn.barbora.ee/products/16e93143-635f-46e0-ac57-a9b7e3d20557_m.png",
      "store": "Barbora",
      "is_sale": false
    },
    "Hele õlu GRIMBERGEN Blonde 6.7% 500ml": {
      "category": "Barbora:Heledad Õlled",
      "entries": [
        {
          "t": "2026-01-27T10:38:06.647216",
          "p": 1.89
        }
      ],
      "latest_price": 1.89,
      "price_per_unit": 3.78,
      "unit_label": "L",
      "url": "https://barbora.ee/toode/hele-olu-grimbergen-blonde-6-7-proc-500-ml",
      "img": "https://cdn.barbora.ee/products/597d85a9-ca39-42eb-bfa5-23c3f32bb4b1_m.png",
      "store": "Barbora",
      "is_sale": false
    },
    "Hele õlu GRIMBERGEN Doub.Amb. 6.5% 500ml": {
      "category": "Barbora:Heledad Õlled",
      "entries": [
        {
          "t": "2026-01-27T10:38:06.647216",
          "p": 1.89
        }
      ],
      "latest_price": 1.89,
      "price_per_unit": 3.78,
      "unit_label": "L",
      "url": "https://barbora.ee/toode/hele-olu-grimbergen-doub-amb-6-5-proc-500-ml",
      "img": "https://cdn.barbora.ee/products/9802aa05-ea9b-4214-bd07-702841025833_m.png",
      "store": "Barbora",
      "is_sale": false
    },
    "Hele õlu PÕHJALA Laager 4.7% 440ml": {
      "category": "Barbora:Heledad Õlled",
      "entries": [
        {
          "t": "2026-01-27T10:38:06.647216",
          "p": 1.89
        }
      ],
      "latest_price": 1.89,
      "price_per_unit": 4.29,
      "unit_label": "L",
      "url": "https://barbora.ee/toode/hele-olu-pohjala-laager-4-7-proc-440-ml",
      "img": "https://cdn.barbora.ee/products/79f8566a-09e2-4f4b-bdc5-0e971f5f6ba0_m.png",
      "store": "Barbora",
      "is_sale": false
    },
    "Hele õlu ESTRELLA Galicia 5.5% 500ml prk": {
      "category": "Barbora:Heledad Õlled",
      "entries": [
        {
          "t": "2026-01-27T10:38:06.647216",
          "p": 1.79
        }
      ],
      "latest_price": 1.79,
      "price_per_unit": 3.58,
      "unit_label": "L",
      "url": "https://barbora.ee/toode/hele-olu-estrella-galicia-5-5-proc-500-ml-prk",
      "img": "https://cdn.barbora.ee/products/2ea17fdc-92cc-4d2f-8499-a756689f132b_m.png",
      "store": "Barbora",
      "is_sale": false
    },
    "Hele õlu ESTRELLA Galicia 5.5% 330ml pdl": {
      "category": "Barbora:Heledad Õlled",
      "entries": [
        {
          "t": "2026-01-27T10:38:06.647216",
          "p": 1.79
        }
      ],
      "latest_price": 1.79,
      "price_per_unit": 5.43,
      "unit_label": "L",
      "url": "https://barbora.ee/toode/hele-olu-estrella-galicia-5-5-proc-330-ml-pdl",
      "img": "https://cdn.barbora.ee/products/af44cb75-ab96-4df9-a964-928fb7892278_m.png",
      "store": "Barbora",
      "is_sale": false
    },
    "Hele õlu SAKU ON ICE 5% 12x330ml purk": {
      "category": "Barbora:Heledad Õlled",
      "entries": [
        {
          "t": "2026-01-27T10:38:06.647216",
          "p": 10.49
        }
      ],
      "latest_price": 10.49,
      "price_per_unit": 2.65,
      "unit_label": "L",
      "url": "https://barbora.ee/toode/hele-olu-saku-on-ice-5-proc-12-x-330-ml-purk",
      "img": "https://cdn.barbora.ee/products/13844ed3-3bc1-4651-8716-c1df8c7da4dd_m.png",
      "store": "Barbora",
      "is_sale": false
    },
    "Hele õlu GRIMBERGEN Rouge In. 5.5% 500ml": {
      "category": "Barbora:Heledad Õlled",
      "entries": [
        {
          "t": "2026-01-27T10:38:06.647216",
          "p": 1.79
        }
      ],
      "latest_price": 1.79,
      "price_per_unit": 3.58,
      "unit_label": "L",
      "url": "https://barbora.ee/toode/hele-olu-grimbergen-rouge-in-5-5-proc-500-ml",
      "img": "https://cdn.barbora.ee/products/5d4a975a-a796-4418-8169-cf14f6be537b_m.png",
      "store": "Barbora",
      "is_sale": false
    },
    "Hele õlu KARL FRIEDRICH Stark. 6% 568ml": {
      "category": "Barbora:Heledad Õlled",
      "entries": [
        {
          "t": "2026-01-27T10:38:06.647216",
          "p": 1.59
        }
      ],
      "latest_price": 1.59,
      "price_per_unit": 2.8,
      "unit_label": "L",
      "url": "https://barbora.ee/toode/hele-olu-karl-friedrich-stark-6-proc-568-ml",
      "img": "https://cdn.barbora.ee/products/345b205d-53e7-4f3a-a2ff-007a9501752b_m.png",
      "store": "Barbora",
      "is_sale": false
    },
    "Hele õlu ROCK Ipa 6% 330ml, purk": {
      "category": "Barbora:Heledad Õlled",
      "entries": [
        {
          "t": "2026-01-27T10:38:06.647216",
          "p": 1.19
        }
      ],
      "latest_price": 1.19,
      "price_per_unit": 3.61,
      "unit_label": "L",
      "url": "https://barbora.ee/toode/hele-olu-rock-ipa-6-proc-330-ml-purk",
      "img": "https://cdn.barbora.ee/products/d5175bc0-49fd-4c41-904f-3ddadec5121e_m.png",
      "store": "Barbora",
      "is_sale": false
    },
    "Õlu STAROPRAMEN Premium 5% 4x500ml": {
      "category": "Barbora:Heledad Õlled",
      "entries": [
        {
          "t": "2026-01-27T10:38:06.647216",
          "p": 5.49
        }
      ],
      "latest_price": 5.49,
      "price_per_unit": 2.75,
      "unit_label": "L",
      "url": "https://barbora.ee/toode/olu-staropramen-premium-5-proc-4-x-500-ml",
      "img": "https://cdn.barbora.ee/products/9227ce9c-df00-4e2f-81ae-55caff436d7e_m.png",
      "store": "Barbora",
      "is_sale": false
    },
    "Hele õlu PÕHJALA Saturnus 5% 440ml prk": {
      "category": "Barbora:Heledad Õlled",
      "entries": [
        {
          "t": "2026-01-27T10:38:06.647216",
          "p": 2.49
        }
      ],
      "latest_price": 2.49,
      "price_per_unit": 5.66,
      "unit_label": "L",
      "url": "https://barbora.ee/toode/hele-olu-pohjala-saturnus-5-proc-440-ml-prk",
      "img": "https://cdn.barbora.ee/products/7d31fe17-93c5-4abd-b8ad-7471889c9eaa_m.png",
      "store": "Barbora",
      "is_sale": false
    },
    "Hele õlu PÕHJALA Prenzl. Berg 4.5% 330ml": {
      "category": "Barbora:Heledad Õlled",
      "entries": [
        {
          "t": "2026-01-27T10:38:06.647216",
          "p": 2.49
        }
      ],
      "latest_price": 2.49,
      "price_per_unit": 7.55,
      "unit_label": "L",
      "url": "https://barbora.ee/toode/hele-olu-pohjala-prenzl-berg-4-5-proc-330-ml",
      "img": "https://cdn.barbora.ee/products/fffbf104-64e5-4d92-b31a-f845fb57401e_m.png",
      "store": "Barbora",
      "is_sale": false
    },
    "Õlu ESTRELLA De Levante 4.8% 500ml prk": {
      "category": "Barbora:Heledad Õlled",
      "entries": [
        {
          "t": "2026-01-27T10:38:06.647216",
          "p": 1.69
        }
      ],
      "latest_price": 1.69,
      "price_per_unit": 3.38,
      "unit_label": "L",
      "url": "https://barbora.ee/toode/olu-estrella-de-levante-4-8-proc-500-ml-prk",
      "img": "https://cdn.barbora.ee/products/9eb6b66e-1616-4e4a-a775-8b60890ae093_m.png",
      "store": "Barbora",
      "is_sale": false
    },
    "Õlu PÕHJALA Punane Laager 4.9% 440ml": {
      "category": "Barbora:Heledad Õlled",
      "entries": [
        {
          "t": "2026-01-27T10:38:06.647216",
          "p": 1.89
        }
      ],
      "latest_price": 1.89,
      "price_per_unit": 4.3,
      "unit_label": "L",
      "url": "https://barbora.ee/toode/olu-pohjala-punane-laager-4-9-proc-440-ml",
      "img": "https://cdn.barbora.ee/products/d5ca8857-9c69-4522-b6df-37ec1853a0ee_m.png",
      "store": "Barbora",
      "is_sale": false
    },
    "Hele õlu ROCK Hopper 5.3% 568ml prk": {
      "category": "Barbora:Heledad Õlled",
      "entries": [
        {
          "t": "2026-01-27T10:38:06.647216",
          "p": 1.49
        }
      ],
      "latest_price": 1.49,
      "price_per_unit": 2.62,
      "unit_label": "L",
      "url": "https://barbora.ee/toode/hele-olu-rock-hopper-5-3-proc-568-ml-prk",
      "img": "https://cdn.barbora.ee/products/2bd76250-8b03-40d2-b91a-4b2f6c5b684f_m.png",
      "store": "Barbora",
      "is_sale": false
    },
    "Õlu KRONENBOURG 1664 Blanc 5% 6x500ml": {
      "category": "Barbora:Heledad Õlled",
      "entries": [
        {
          "t": "2026-01-27T10:38:06.647216",
          "p": 9.69
        }
      ],
      "latest_price": 9.69,
      "price_per_unit": 3.23,
      "unit_label": "L",
      "url": "https://barbora.ee/toode/olu-kronenbourg-1664-blanc-5-proc-6-x-500-ml",
      "img": "https://cdn.barbora.ee/products/47207569-dfc4-4e08-847a-576863de0a9f_m.png",
      "store": "Barbora",
      "is_sale": false
    },
    "H.õlu KRONENBOURG 1664 Blanc 5% 24x330ml": {
      "category": "Barbora:Heledad Õlled",
      "entries": [
        {
          "t": "2026-01-27T10:38:06.647216",
          "p": 24.49
        }
      ],
      "latest_price": 24.49,
      "price_per_unit": 3.09,
      "unit_label": "L",
      "url": "https://barbora.ee/toode/h-olu-kronenbourg-1664-blanc-5-proc-24-x-330-ml",
      "img": "https://cdn.barbora.ee/products/c09014fb-4931-42fa-ad7a-028ad3c52257_m.png",
      "store": "Barbora",
      "is_sale": false
    },
    "Hele õlu KARKSI Blond Munk 6% 500ml prk": {
      "category": "Barbora:Heledad Õlled",
      "entries": [
        {
          "t": "2026-01-27T10:38:06.647216",
          "p": 2.39
        }
      ],
      "latest_price": 2.39,
      "price_per_unit": 4.78,
      "unit_label": "L",
      "url": "https://barbora.ee/toode/hele-olu-karksi-blond-munk-6-proc-500-ml-prk",
      "img": "https://cdn.barbora.ee/products/fa68f8fc-027a-43b0-bfda-a3720a39400f_m.png",
      "store": "Barbora",
      "is_sale": false
    },
    "Hele õlu BIRRA MORETTI 4.6% 500ml": {
      "category": "Barbora:Heledad Õlled",
      "entries": [
        {
          "t": "2026-01-27T10:38:06.647216",
          "p": 1.59
        }
      ],
      "latest_price": 1.59,
      "price_per_unit": 3.18,
      "unit_label": "L",
      "url": "https://barbora.ee/toode/hele-olu-birra-moretti-4-6-proc-500-ml",
      "img": "https://cdn.barbora.ee/products/7fa12eac-e4bc-4358-82a7-9a8bd0f29a28_m.png",
      "store": "Barbora",
      "is_sale": false
    },
    "H.õlu GUBERNIJA Pilsner 4.6% 568ml prk": {
      "category": "Barbora:Heledad Õlled",
      "entries": [
        {
          "t": "2026-01-27T10:38:06.647216",
          "p": 1.29
        }
      ],
      "latest_price": 1.29,
      "price_per_unit": 2.27,
      "unit_label": "L",
      "url": "https://barbora.ee/toode/h-olu-gubernija-pilsner-4-6-proc-568-ml-prk",
      "img": "https://cdn.barbora.ee/products/35a85f0d-4278-4b37-b5d1-98ad057874cc_m.png",
      "store": "Barbora",
      "is_sale": false
    },
    "Hele õlu AMBER CITY lager 5% 1L": {
      "category": "Barbora:Heledad Õlled",
      "entries": [
        {
          "t": "2026-01-27T10:38:06.647216",
          "p": 1.49
        }
      ],
      "latest_price": 1.49,
      "price_per_unit": 1.49,
      "unit_label": "L",
      "url": "https://barbora.ee/toode/hele-olu-amber-city-lager-5-proc-1-l",
      "img": "https://cdn.barbora.ee/products/b2342239-5085-4f1e-bdcd-e0f0fbbc2211_m.png",
      "store": "Barbora",
      "is_sale": false
    },
    "Hele õlu AMBER CITY 6% 1L": {
      "category": "Barbora:Heledad Õlled",
      "entries": [
        {
          "t": "2026-01-27T10:38:06.647216",
          "p": 1.79
        }
      ],
      "latest_price": 1.79,
      "price_per_unit": 1.79,
      "unit_label": "L",
      "url": "https://barbora.ee/toode/hele-olu-amber-city-6-proc-1-l",
      "img": "https://cdn.barbora.ee/products/0ba25d39-dbc5-4ec9-966a-b60948e6e29d_m.png",
      "store": "Barbora",
      "is_sale": false
    },
    "H.õlu A.LE.COQ Premium exp 5.2% 12x330ml": {
      "category": "Barbora:Heledad Õlled",
      "entries": [
        {
          "t": "2026-01-27T10:38:06.647216",
          "p": 8.99
        }
      ],
      "latest_price": 8.99,
      "price_per_unit": 2.27,
      "unit_label": "L",
      "url": "https://barbora.ee/toode/h-olu-a-le-coq-premium-exp-5-2-proc-12-x-330-ml",
      "img": "https://cdn.barbora.ee/products/e7633208-6e0f-4e42-b302-9b408af15ab9_m.png",
      "store": "Barbora",
      "is_sale": false
    },
    "Hele õlu SAAREMAA Tuulik 4.7% 12x330ml": {
      "category": "Barbora:Heledad Õlled",
      "entries": [
        {
          "t": "2026-01-27T10:38:06.647216",
          "p": 8.49
        }
      ],
      "latest_price": 8.49,
      "price_per_unit": 2.14,
      "unit_label": "L",
      "url": "https://barbora.ee/toode/hele-olu-saaremaa-tuulik-4-7-proc-12-x-330-ml",
      "img": "https://cdn.barbora.ee/products/135aef52-592c-4da9-a6a4-96a70f29f124_m.png",
      "store": "Barbora",
      "is_sale": false
    },
    "Hele õlu SAKU Originaal 4.7% 6x500ml pdl": {
      "category": "Barbora:Heledad Õlled",
      "entries": [
        {
          "t": "2026-01-27T10:38:06.647216",
          "p": 7.79
        }
      ],
      "latest_price": 7.79,
      "price_per_unit": 2.59,
      "unit_label": "L",
      "url": "https://barbora.ee/toode/hele-olu-saku-originaal-4-7-proc-6-x-500-ml-pdl",
      "img": "https://cdn.barbora.ee/products/763af995-9ade-4e9a-b058-abd9cc20a317_m.png",
      "store": "Barbora",
      "is_sale": false
    },
    "Hele õlu STELLA ARTOIS 5% 330ml": {
      "category": "Barbora:Heledad Õlled",
      "entries": [
        {
          "t": "2026-01-27T10:38:06.647216",
          "p": 1.69
        }
      ],
      "latest_price": 1.69,
      "price_per_unit": 5.12,
      "unit_label": "L",
      "url": "https://barbora.ee/toode/hele-olu-stella-artois-5-proc-330-ml-65585",
      "img": "https://cdn.barbora.ee/products/4d68d839-6c60-4100-b33c-21071ac52b90_m.png",
      "store": "Barbora",
      "is_sale": false
    },
    "Hele õlu Nastro Azzuro PERONI 5% 500ml": {
      "category": "Barbora:Heledad Õlled",
      "entries": [
        {
          "t": "2026-01-27T10:38:06.647216",
          "p": 1.99
        }
      ],
      "latest_price": 1.99,
      "price_per_unit": 3.98,
      "unit_label": "L",
      "url": "https://barbora.ee/toode/hele-olu-nastro-azzuro-peroni-5-proc-500-ml",
      "img": "https://cdn.barbora.ee/products/d05099a0-bd8b-4144-8b7a-ae7277e051f3_m.png",
      "store": "Barbora",
      "is_sale": false
    },
    "Hele õlu ST.PIERRE Blond 6.5%500ml": {
      "category": "Barbora:Heledad Õlled",
      "entries": [
        {
          "t": "2026-01-27T10:38:06.647216",
          "p": 1.79
        }
      ],
      "latest_price": 1.79,
      "price_per_unit": 3.58,
      "unit_label": "L",
      "url": "https://barbora.ee/toode/hele-olu-st-pierre-blond-6-5-proc-500-ml",
      "img": "https://cdn.barbora.ee/products/c6ffcb22-a8fa-4937-907e-d00ab781bd47_m.png",
      "store": "Barbora",
      "is_sale": false
    },
    "Hele õlu TANKER select lager 5% 500ml": {
      "category": "Barbora:Heledad Õlled",
      "entries": [
        {
          "t": "2026-01-27T10:38:06.647216",
          "p": 1.29
        }
      ],
      "latest_price": 1.29,
      "price_per_unit": 2.58,
      "unit_label": "L",
      "url": "https://barbora.ee/toode/hele-olu-tanker-select-lager-5-proc-500-ml",
      "img": "https://cdn.barbora.ee/products/15e6874c-74e4-42e2-8acd-bee5483e0bf4_m.png",
      "store": "Barbora",
      "is_sale": false
    },
    "H.õlu BERLINER KINDL Pilsener5.1%500ml": {
      "category": "Barbora:Heledad Õlled",
      "entries": [
        {
          "t": "2026-01-27T10:38:06.647216",
          "p": 1.59
        }
      ],
      "latest_price": 1.59,
      "price_per_unit": 3.18,
      "unit_label": "L",
      "url": "https://barbora.ee/toode/h-olu-berliner-kindl-pilsener-5-1-proc-500-ml",
      "img": "https://cdn.barbora.ee/products/40b0fbb7-5ac4-4029-8af3-8cee2329ca97_m.png",
      "store": "Barbora",
      "is_sale": false
    },
    "H.õlu TROLL BREW Stormy Nepa 6% 330ml": {
      "category": "Barbora:Heledad Õlled",
      "entries": [
        {
          "t": "2026-01-27T10:38:06.647216",
          "p": 0.99
        }
      ],
      "latest_price": 0.99,
      "price_per_unit": 3.0,
      "unit_label": "L",
      "url": "https://barbora.ee/toode/h-olu-troll-brew-stormy-nepa-6-proc-330-ml",
      "img": "https://cdn.barbora.ee/products/9958e5f1-b4a9-4e57-a70f-2a15ecf94658_m.png",
      "store": "Barbora",
      "is_sale": false
    },
    "H.õlu TROLL BREW Strong Bock7.9% 330ml": {
      "category": "Barbora:Heledad Õlled",
      "entries": [
        {
          "t": "2026-01-27T10:38:06.647216",
          "p": 1.29
        }
      ],
      "latest_price": 1.29,
      "price_per_unit": 3.91,
      "unit_label": "L",
      "url": "https://barbora.ee/toode/h-olu-troll-brew-strong-bock-7-9-proc-330-ml",
      "img": "https://cdn.barbora.ee/products/1e076ed0-200b-4497-a0de-4df94a649279_m.png",
      "store": "Barbora",
      "is_sale": false
    },
    "Hele õlu A.LE COQ Special 5.2% 500ml": {
      "category": "Barbora:Heledad Õlled",
      "entries": [
        {
          "t": "2026-01-27T10:38:06.647216",
          "p": 1.55
        }
      ],
      "latest_price": 1.55,
      "price_per_unit": 3.1,
      "unit_label": "L",
      "url": "https://barbora.ee/toode/hele-olu-a-le-coq-special-5-2-proc-500-ml-81048",
      "img": "https://cdn.barbora.ee/products/007b3327-458d-4c6a-abce-be2a2c29db3e_m.png",
      "store": "Barbora",
      "is_sale": false
    },
    "Hele õlu A.LE COQ Special 5.2% 6x500ml": {
      "category": "Barbora:Heledad Õlled",
      "entries": [
        {
          "t": "2026-01-27T10:38:06.647216",
          "p": 8.39
        }
      ],
      "latest_price": 8.39,
      "price_per_unit": 2.8,
      "unit_label": "L",
      "url": "https://barbora.ee/toode/hele-olu-a-le-coq-special-5-2-proc-6-x-500-ml",
      "img": "https://cdn.barbora.ee/products/c9d7193e-f845-4bc6-8e98-415f367a2f4a_m.png",
      "store": "Barbora",
      "is_sale": false
    },
    "Õlu KROMBACHER Hell 5% 500ml": {
      "category": "Barbora:Heledad Õlled",
      "entries": [
        {
          "t": "2026-01-27T10:38:06.647216",
          "p": 1.79
        }
      ],
      "latest_price": 1.79,
      "price_per_unit": 3.58,
      "unit_label": "L",
      "url": "https://barbora.ee/toode/olu-krombacher-hell-5-proc-500-ml",
      "img": "https://cdn.barbora.ee/products/c1a458dc-80a5-4cf9-940f-852653c56b81_m.png",
      "store": "Barbora",
      "is_sale": false
    },
    "Õlu KROMBACHER Pils 4.8% 500ml": {
      "category": "Barbora:Heledad Õlled",
      "entries": [
        {
          "t": "2026-01-27T10:38:06.647216",
          "p": 1.79
        }
      ],
      "latest_price": 1.79,
      "price_per_unit": 3.58,
      "unit_label": "L",
      "url": "https://barbora.ee/toode/olu-krombacher-pils-4-8-proc-500-ml",
      "img": "https://cdn.barbora.ee/products/8f734b53-91ab-4304-a096-b7ba7fb3917f_m.png",
      "store": "Barbora",
      "is_sale": false
    },
    "Õlu BITBURGER Premium Pils 4.8% 500ml": {
      "category": "Barbora:Heledad Õlled",
      "entries": [
        {
          "t": "2026-01-27T10:38:06.647216",
          "p": 1.59
        }
      ],
      "latest_price": 1.59,
      "price_per_unit": 3.18,
      "unit_label": "L",
      "url": "https://barbora.ee/toode/olu-bitburger-premium-pils-4-8-proc-500-ml",
      "img": "https://cdn.barbora.ee/products/2453fa6c-e094-48d3-a91a-bd913f01497f_m.png",
      "store": "Barbora",
      "is_sale": false
    },
    "Õlu BENEDIKTINER Weissbier 5.4% 500ml": {
      "category": "Barbora:Heledad Õlled",
      "entries": [
        {
          "t": "2026-01-27T10:38:06.647216",
          "p": 1.69
        }
      ],
      "latest_price": 1.69,
      "price_per_unit": 3.38,
      "unit_label": "L",
      "url": "https://barbora.ee/toode/olu-benediktiner-weissbier-5-4-proc-500-ml",
      "img": "https://cdn.barbora.ee/products/612ecce0-9dc3-4b52-b074-8b89321f8929_m.png",
      "store": "Barbora",
      "is_sale": false
    },
    "Hele õlu Väike Sass 4.8% 6x330ml": {
      "category": "Barbora:Heledad Õlled",
      "entries": [
        {
          "t": "2026-01-27T10:38:06.647216",
          "p": 5.29
        }
      ],
      "latest_price": 5.29,
      "price_per_unit": 2.67,
      "unit_label": "L",
      "url": "https://barbora.ee/toode/hele-olu-vaike-sass-4-8-proc-6-x-330-ml",
      "img": "https://cdn.barbora.ee/products/45763097-6584-458d-9da6-a7d6197b102a_m.png",
      "store": "Barbora",
      "is_sale": false
    },
    "H.õlu KARL Friedrich Tšehhi Lager5%568ml": {
      "category": "Barbora:Heledad Õlled",
      "entries": [
        {
          "t": "2026-01-27T10:38:06.647216",
          "p": 1.49
        }
      ],
      "latest_price": 1.49,
      "price_per_unit": 2.63,
      "unit_label": "L",
      "url": "https://barbora.ee/toode/h-olu-karl-friedrich-tsehhi-lager-5-proc-568-ml",
      "img": "https://cdn.barbora.ee/products/9bb23b4a-5865-4df0-a282-5e35a9e5a0a3_m.png",
      "store": "Barbora",
      "is_sale": false
    },
    "Hele õlu SAKU Safiir 5% 500ml": {
      "category": "Barbora:Heledad Õlled",
      "entries": [
        {
          "t": "2026-01-27T10:38:06.647216",
          "p": 1.39
        }
      ],
      "latest_price": 1.39,
      "price_per_unit": 2.78,
      "unit_label": "L",
      "url": "https://barbora.ee/toode/hele-olu-saku-safiir-5-proc-500-ml",
      "img": "https://cdn.barbora.ee/products/05254c13-022a-4761-b432-bbfb58fe464f_m.png",
      "store": "Barbora",
      "is_sale": false
    },
    "Õlu BUDWEISER Budvar 5% 330ml": {
      "category": "Barbora:Heledad Õlled",
      "entries": [
        {
          "t": "2026-01-27T10:38:06.647216",
          "p": 1.59
        }
      ],
      "latest_price": 1.59,
      "price_per_unit": 4.82,
      "unit_label": "L",
      "url": "https://barbora.ee/toode/olu-budweiser-budvar-5-proc-330-ml",
      "img": "https://cdn.barbora.ee/products/24fc2b38-0394-4259-a56d-7e1106869a67_m.png",
      "store": "Barbora",
      "is_sale": false
    },
    "Õlu ROCK Unikorn 5.3% 568ml": {
      "category": "Barbora:Heledad Õlled",
      "entries": [
        {
          "t": "2026-01-27T10:38:06.647216",
          "p": 1.49
        }
      ],
      "latest_price": 1.49,
      "price_per_unit": 2.62,
      "unit_label": "L",
      "url": "https://barbora.ee/toode/olu-rock-unikorn-5-3-proc-568-ml",
      "img": "https://cdn.barbora.ee/products/e93f30e4-88f3-407d-a574-bf47e04d100f_m.png",
      "store": "Barbora",
      "is_sale": false
    },
    "Hele õlu PÕHJALA Kask 5% 440ml": {
      "category": "Barbora:Heledad Õlled",
      "entries": [
        {
          "t": "2026-01-27T10:38:06.647216",
          "p": 1.99
        }
      ],
      "latest_price": 1.99,
      "price_per_unit": 4.52,
      "unit_label": "L",
      "url": "https://barbora.ee/toode/hele-olu-pohjala-kask-5-proc-440-ml",
      "img": "https://cdn.barbora.ee/products/b7e56e71-c68e-4f6c-b19c-29742470247e_m.png",
      "store": "Barbora",
      "is_sale": false
    },
    "Hele õlu PÕHJALA Kosmos 5.5% 440ml": {
      "category": "Barbora:Heledad Õlled",
      "entries": [
        {
          "t": "2026-01-27T10:38:06.647216",
          "p": 2.79
        }
      ],
      "latest_price": 2.79,
      "price_per_unit": 6.34,
      "unit_label": "L",
      "url": "https://barbora.ee/toode/hele-olu-pohjala-kosmos-5-5-proc-440-ml",
      "img": "https://cdn.barbora.ee/products/f3b9db4d-cf63-4bcb-a519-53bf687b5a38_m.png",
      "store": "Barbora",
      "is_sale": false
    },
    "Hele õlu ASAHI Super Dry 5% 330ml": {
      "category": "Barbora:Heledad Õlled",
      "entries": [
        {
          "t": "2026-01-27T10:38:06.647216",
          "p": 1.89
        }
      ],
      "latest_price": 1.89,
      "price_per_unit": 5.73,
      "unit_label": "L",
      "url": "https://barbora.ee/toode/hele-olu-asahi-super-dry-5-proc-330-ml",
      "img": "https://cdn.barbora.ee/products/e0922921-6e9e-4516-baa9-c616b881f9cb_m.png",
      "store": "Barbora",
      "is_sale": false
    },
    "Rumm DON PAPA 40% 700ml": {
      "category": "Barbora:Rummid",
      "entries": [
        {
          "t": "2026-01-27T10:38:06.647216",
          "p": 34.99
        }
      ],
      "latest_price": 34.99,
      "price_per_unit": 49.99,
      "unit_label": "L",
      "url": "https://barbora.ee/toode/rumm-don-papa-40-proc-700-ml",
      "img": "https://cdn.barbora.ee/products/70213267-fe55-4dfa-8e25-b534458a6c5a_m.png",
      "store": "Barbora",
      "is_sale": false
    },
    "Rumm DON PAPA Baroko 40% 700ml": {
      "category": "Barbora:Rummid",
      "entries": [
        {
          "t": "2026-01-27T10:38:06.647216",
          "p": 34.99
        }
      ],
      "latest_price": 34.99,
      "price_per_unit": 49.99,
      "unit_label": "L",
      "url": "https://barbora.ee/toode/rumm-don-papa-baroko-40-proc-700-ml",
      "img": "https://cdn.barbora.ee/products/16313a80-4f02-4145-ac1e-022fdc7a121a_m.png",
      "store": "Barbora",
      "is_sale": false
    },
    "Rumm DON PAPA Masskara 40% 700ml": {
      "category": "Barbora:Rummid",
      "entries": [
        {
          "t": "2026-01-27T10:38:06.647216",
          "p": 34.99
        }
      ],
      "latest_price": 34.99,
      "price_per_unit": 49.99,
      "unit_label": "L",
      "url": "https://barbora.ee/toode/rumm-don-papa-masskara-40-proc-700-ml",
      "img": "https://cdn.barbora.ee/products/9b94e897-5a7a-4f75-9951-13986e7a6c48_m.png",
      "store": "Barbora",
      "is_sale": false
    },
    "Rumm Club Aruba White 37.5% 500ml": {
      "category": "Barbora:Rummid",
      "entries": [
        {
          "t": "2026-01-27T10:38:06.647216",
          "p": 10.99
        }
      ],
      "latest_price": 10.99,
      "price_per_unit": 21.98,
      "unit_label": "L",
      "url": "https://barbora.ee/toode/rumm-club-aruba-white-37-5-proc-500-ml",
      "img": "https://cdn.barbora.ee/products/f82544e6-4f9c-4fe0-9f56-1dcf2e3f648b_m.png",
      "store": "Barbora",
      "is_sale": false
    },
    "Rumm Club Aruba Dark 37.5% 500ml": {
      "category": "Barbora:Rummid",
      "entries": [
        {
          "t": "2026-01-27T10:38:06.647216",
          "p": 10.99
        }
      ],
      "latest_price": 10.99,
      "price_per_unit": 21.98,
      "unit_label": "L",
      "url": "https://barbora.ee/toode/rumm-club-aruba-dark-37-5-proc-500-ml",
      "img": "https://cdn.barbora.ee/products/33383a0d-2366-4852-ae58-1fb0989f3b4a_m.png",
      "store": "Barbora",
      "is_sale": false
    },
    "Rumm Club Aruba Spiced Gold 35% 500ml": {
      "category": "Barbora:Rummid",
      "entries": [
        {
          "t": "2026-01-27T10:38:06.647216",
          "p": 10.99
        }
      ],
      "latest_price": 10.99,
      "price_per_unit": 21.98,
      "unit_label": "L",
      "url": "https://barbora.ee/toode/rumm-club-aruba-spiced-gold-35-proc-500-ml",
      "img": "https://cdn.barbora.ee/products/8b661b35-1fa9-4ee1-a62c-90401f3ee61b_m.png",
      "store": "Barbora",
      "is_sale": false
    },
    "Rumm PLANTERAY Grande Reserve 40% 700ml": {
      "category": "Barbora:Rummid",
      "entries": [
        {
          "t": "2026-01-27T10:38:06.647216",
          "p": 30.39
        }
      ],
      "latest_price": 30.39,
      "price_per_unit": 43.41,
      "unit_label": "L",
      "url": "https://barbora.ee/toode/rumm-planteray-grande-reserve-40-proc-700-ml",
      "img": "https://cdn.barbora.ee/products/8cf1ef82-95a0-47a5-b413-da689754bb8c_m.png",
      "store": "Barbora",
      "is_sale": false
    },
    "Rumm PLANTERAY Original Dark 40%700ml": {
      "category": "Barbora:Rummid",
      "entries": [
        {
          "t": "2026-01-27T10:38:06.647216",
          "p": 26.25
        }
      ],
      "latest_price": 26.25,
      "price_per_unit": 37.5,
      "unit_label": "L",
      "url": "https://barbora.ee/toode/rumm-planteray-original-dark-40-proc-700-ml",
      "img": "https://cdn.barbora.ee/products/ea24f085-3ffa-40bb-bfae-b5cbcb47bb22_m.png",
      "store": "Barbora",
      "is_sale": false
    },
    "Gin KADA Rabarber 37.5% 500ml": {
      "category": "Barbora:Ginid",
      "entries": [
        {
          "t": "2026-01-27T10:38:06.647216",
          "p": 11.99
        }
      ],
      "latest_price": 11.99,
      "price_per_unit": 23.98,
      "unit_label": "L",
      "url": "https://barbora.ee/toode/gin-kada-rabarber-37-5-proc-500-ml",
      "img": "https://cdn.barbora.ee/products/5eafe462-49bb-446d-b980-68be924335c1_m.png",
      "store": "Barbora"
    },
    "Gin CRAFTERS Wild Forest 47% 700ml": {
      "category": "Barbora:Ginid",
      "entries": [
        {
          "t": "2026-01-27T10:38:06.647216",
          "p": 41.99
        }
      ],
      "latest_price": 41.99,
      "price_per_unit": 59.99,
      "unit_label": "L",
      "url": "https://barbora.ee/toode/gin-crafters-wild-forest-47-proc-700-ml",
      "img": "https://cdn.barbora.ee/products/48d534c2-2f8b-4969-9607-47b747f27cda_m.png",
      "store": "Barbora"
    },
    "Gin JUNIPERIUM Rabarber 40% 700ml": {
      "category": "Barbora:Ginid",
      "entries": [
        {
          "t": "2026-01-27T10:38:06.647216",
          "p": 44.99
        }
      ],
      "latest_price": 44.99,
      "price_per_unit": 64.27,
      "unit_label": "L",
      "url": "https://barbora.ee/toode/gin-juniperium-rabarber-40-proc-700-ml",
      "img": "https://cdn.barbora.ee/products/23ad5637-af90-40c6-9986-f39763c521d5_m.png",
      "store": "Barbora",
      "is_sale": false
    },
    "Gin BOMBAY Sapphire Dry Gin 40% 500ml": {
      "category": "Barbora:Ginid",
      "entries": [
        {
          "t": "2026-01-27T10:38:06.647216",
          "p": 26.99
        }
      ],
      "latest_price": 26.99,
      "price_per_unit": 53.98,
      "unit_label": "L",
      "url": "https://barbora.ee/toode/gin-bombay-sapphire-dry-gin-40-proc-500-ml",
      "img": "https://cdn.barbora.ee/products/608e1632-52e7-40b8-9f02-25c5a310afcc_m.png",
      "store": "Barbora"
    },
    "Gin SAARE Sõstar 37.5% 500ml": {
      "category": "Barbora:Ginid",
      "entries": [
        {
          "t": "2026-01-27T10:38:06.647216",
          "p": 11.69
        }
      ],
      "latest_price": 11.69,
      "price_per_unit": 23.38,
      "unit_label": "L",
      "url": "https://barbora.ee/toode/gin-saare-sostar-37-5-proc-500-ml",
      "img": "https://cdn.barbora.ee/products/8d1a9a83-10bf-4db8-9aa8-197df5136ee7_m.png",
      "store": "Barbora"
    },
    "Gin TILLSTON Dry gin 37.5% 700ml": {
      "category": "Barbora:Ginid",
      "entries": [
        {
          "t": "2026-01-27T10:38:06.647216",
          "p": 9.99
        }
      ],
      "latest_price": 9.99,
      "price_per_unit": 14.27,
      "unit_label": "L",
      "url": "https://barbora.ee/toode/gin-tillston-dry-gin-37-5-proc-700-ml",
      "img": "https://cdn.barbora.ee/products/4ea56dd6-5533-4134-b6fe-7ad23123e6b8_m.png",
      "store": "Barbora",
      "is_sale": false
    },
    "Gin SAAREMAA Passionfruit 37.5% 500ml": {
      "category": "Barbora:Ginid",
      "entries": [
        {
          "t": "2026-01-27T10:38:06.647216",
          "p": 10.49
        }
      ],
      "latest_price": 10.49,
      "price_per_unit": 20.98,
      "unit_label": "L",
      "url": "https://barbora.ee/toode/gin-saaremaa-passionfruit-37-5-proc-500-ml",
      "img": "https://cdn.barbora.ee/products/6f1c27c6-3621-4091-bc98-ab30dd1f4b2c_m.png",
      "store": "Barbora",
      "is_sale": false
    },
    "Gin GREENALLS Original 40% 700ml": {
      "category": "Barbora:Ginid",
      "entries": [
        {
          "t": "2026-01-27T10:38:06.647216",
          "p": 21.49
        }
      ],
      "latest_price": 21.49,
      "price_per_unit": 30.7,
      "unit_label": "L",
      "url": "https://barbora.ee/toode/gin-greenalls-original-40-proc-700-ml",
      "img": "https://cdn.barbora.ee/products/276e90e3-ed3a-4df8-8a6f-1e34514fee5b_m.png",
      "store": "Barbora"
    },
    "Gin MIDSOMER Cloudberry 38% 500ml": {
      "category": "Barbora:Ginid",
      "entries": [
        {
          "t": "2026-01-27T10:38:06.647216",
          "p": 10.99
        }
      ],
      "latest_price": 10.99,
      "price_per_unit": 21.98,
      "unit_label": "L",
      "url": "https://barbora.ee/toode/gin-midsomer-cloudberry-38-proc-500-ml",
      "img": "https://cdn.barbora.ee/products/bd25cb98-d2c8-4259-97bb-716a7662698f_m.png",
      "store": "Barbora"
    },
    "Gin MIDSOMER Gooseberry 38% 500ml": {
      "category": "Barbora:Ginid",
      "entries": [
        {
          "t": "2026-01-27T10:38:06.647216",
          "p": 10.99
        }
      ],
      "latest_price": 10.99,
      "price_per_unit": 21.98,
      "unit_label": "L",
      "url": "https://barbora.ee/toode/gin-midsomer-gooseberry-38-proc-500-ml",
      "img": "https://cdn.barbora.ee/products/919df0a2-b29c-4f36-8d26-6d7c081b5fdb_m.png",
      "store": "Barbora"
    },
    "Gin TILLSTON Pink 37.5% 700ml": {
      "category": "Barbora:Ginid",
      "entries": [
        {
          "t": "2026-01-27T10:38:06.647216",
          "p": 9.99
        }
      ],
      "latest_price": 9.99,
      "price_per_unit": 14.27,
      "unit_label": "L",
      "url": "https://barbora.ee/toode/gin-tillston-pink-37-5-proc-700-ml",
      "img": "https://cdn.barbora.ee/products/534e1566-63fc-4200-8c24-27f8c06bcc1e_m.png",
      "store": "Barbora",
      "is_sale": false
    },
    "Gin 24 HERBS GIN 40% 700ml": {
      "category": "Barbora:Ginid",
      "entries": [
        {
          "t": "2026-01-27T10:38:06.647216",
          "p": 29.99
        }
      ],
      "latest_price": 29.99,
      "price_per_unit": 42.84,
      "unit_label": "L",
      "url": "https://barbora.ee/toode/gin-24-herbs-gin-40-proc-700-ml",
      "img": "https://cdn.barbora.ee/products/54bc45b2-3b52-47cc-8a9a-cebfd24a1267_m.png",
      "store": "Barbora"
    },
    "Gin 24 HERBS GIN Cucumber&Mint 40% 700ml": {
      "category": "Barbora:Ginid",
      "entries": [
        {
          "t": "2026-01-27T10:38:06.647216",
          "p": 29.99
        }
      ],
      "latest_price": 29.99,
      "price_per_unit": 42.84,
      "unit_label": "L",
      "url": "https://barbora.ee/toode/gin-24-herbs-gin-cucumber-mint-40-proc-700-ml",
      "img": "https://cdn.barbora.ee/products/f24ef226-232c-411c-ab5b-a60addfc620e_m.png",
      "store": "Barbora"
    },
    "Gin JUNIPER ISLAND London Dry 40% 700ml": {
      "category": "Barbora:Ginid",
      "entries": [
        {
          "t": "2026-01-27T10:38:06.647216",
          "p": 18.99
        }
      ],
      "latest_price": 18.99,
      "price_per_unit": 27.13,
      "unit_label": "L",
      "url": "https://barbora.ee/toode/gin-juniper-island-london-dry-40-proc-700-ml",
      "img": "https://cdn.barbora.ee/products/ac227428-e303-4591-8165-97e24bfa24c9_m.png",
      "store": "Barbora",
      "is_sale": false
    },
    "Gin JUNIPER ISLAND Rhubarb 38% 700ml": {
      "category": "Barbora:Ginid",
      "entries": [
        {
          "t": "2026-01-27T10:38:06.647216",
          "p": 18.99
        }
      ],
      "latest_price": 18.99,
      "price_per_unit": 27.13,
      "unit_label": "L",
      "url": "https://barbora.ee/toode/gin-juniper-island-rhubarb-38-proc-700-ml",
      "img": "https://cdn.barbora.ee/products/b5e926c1-94cf-4bd2-9597-d780c50fe917_m.png",
      "store": "Barbora",
      "is_sale": false
    },
    "Makaronid Filini Piccoli Tartu Mill 500g": {
      "category": "Barbora:Pasta",
      "entries": [
        {
          "t": "2026-01-27T10:38:06.647216",
          "p": 1.37
        }
      ],
      "latest_price": 1.37,
      "price_per_unit": 2.74,
      "unit_label": "kg",
      "url": "https://barbora.ee/toode/makaronid-filini-piccoli-tartu-mill-500-g",
      "img": "https://cdn.barbora.ee/products/7a8ece84-485f-486a-91b0-9ad4bdbb088b_m.png",
      "store": "Barbora",
      "is_sale": false
    },
    "Makaronid Mini Penne PANZANI 500g": {
      "category": "Barbora:Pasta",
      "entries": [
        {
          "t": "2026-01-27T10:38:06.647216",
          "p": 2.43
        }
      ],
      "latest_price": 2.43,
      "price_per_unit": 4.86,
      "unit_label": "kg",
      "url": "https://barbora.ee/toode/makaronid-mini-penne-panzani-500-g",
      "img": "https://cdn.barbora.ee/products/61012909-469d-41af-9865-df4bf5717ae5_m.png",
      "store": "Barbora",
      "is_sale": false
    },
    "Spagetid nr7 TARTU MILL 500g": {
      "category": "Barbora:Pasta",
      "entries": [
        {
          "t": "2026-01-27T10:38:06.647216",
          "p": 1.37
        }
      ],
      "latest_price": 1.37,
      "price_per_unit": 2.74,
      "unit_label": "kg",
      "url": "https://barbora.ee/toode/spagetid-nr-7-tartu-mill-500-g",
      "img": "https://cdn.barbora.ee/products/06d86ec8-0d4c-4ca9-b6f0-e7dd574748f6_m.png",
      "store": "Barbora",
      "is_sale": false
    },
    "Spagetid N5 BARILLA 1kg": {
      "category": "Barbora:Pasta",
      "entries": [
        {
          "t": "2026-01-27T10:38:06.647216",
          "p": 3.49
        }
      ],
      "latest_price": 3.49,
      "price_per_unit": 3.49,
      "unit_label": "kg",
      "url": "https://barbora.ee/toode/spagetid-n-5-barilla-1-kg",
      "img": "https://cdn.barbora.ee/products/050ba7a3-5697-4e2e-9164-e414bbdeb8aa_m.png",
      "store": "Barbora",
      "is_sale": false
    },
    "Makaronid Chiffari Lisci TARTU MILL 500g": {
      "category": "Barbora:Pasta",
      "entries": [
        {
          "t": "2026-01-27T10:38:06.647216",
          "p": 1.37
        }
      ],
      "latest_price": 1.37,
      "price_per_unit": 2.74,
      "unit_label": "kg",
      "url": "https://barbora.ee/toode/makaronid-chiffari-lisci-tartu-mill-500-g",
      "img": "https://cdn.barbora.ee/products/9cd32b1d-6c2a-4743-8740-d8860eb33fe2_m.png",
      "store": "Barbora",
      "is_sale": false
    },
    "Makaronid Ditali Lisci TARTU MILL 500g": {
      "category": "Barbora:Pasta",
      "entries": [
        {
          "t": "2026-01-27T10:38:06.647216",
          "p": 1.37
        }
      ],
      "latest_price": 1.37,
      "price_per_unit": 2.74,
      "unit_label": "kg",
      "url": "https://barbora.ee/toode/makaronid-ditali-lisci-tartu-mill-500-g",
      "img": "https://cdn.barbora.ee/products/176949a9-1af2-4b6e-87b2-4f6d8103efbc_m.png",
      "store": "Barbora",
      "is_sale": false
    },
    "Makaronid Cavatelli N245 DELVERDE 500g": {
      "category": "Barbora:Pasta",
      "entries": [
        {
          "t": "2026-01-27T10:38:06.647216",
          "p": 2.69
        }
      ],
      "latest_price": 2.69,
      "price_per_unit": 5.38,
      "unit_label": "kg",
      "url": "https://barbora.ee/toode/makaronid-cavatelli-n-245-delverde-500-g",
      "img": "https://cdn.barbora.ee/products/971936b6-d70c-4af2-a565-a3df18326a21_m.png",
      "store": "Barbora",
      "is_sale": false
    },
    "Makaronid Cornetti TARTU MILL 1kg": {
      "category": "Barbora:Pasta",
      "entries": [
        {
          "t": "2026-01-27T10:38:06.647216",
          "p": 2.75
        }
      ],
      "latest_price": 2.75,
      "price_per_unit": 2.75,
      "unit_label": "kg",
      "url": "https://barbora.ee/toode/makaronid-cornetti-tartu-mill-1-kg",
      "img": "https://cdn.barbora.ee/products/f645049a-67a3-476a-8cf3-5dbf79fbd853_m.png",
      "store": "Barbora",
      "is_sale": false
    },
    "Makaronid Fusilli TARTU MILL 1kg": {
      "category": "Barbora:Pasta",
      "entries": [
        {
          "t": "2026-01-27T10:38:06.647216",
          "p": 2.75
        }
      ],
      "latest_price": 2.75,
      "price_per_unit": 2.75,
      "unit_label": "kg",
      "url": "https://barbora.ee/toode/makaronid-fusilli-tartu-mill-1-kg",
      "img": "https://cdn.barbora.ee/products/730da37f-97db-4a55-9bff-0a03b3e3c398_m.png",
      "store": "Barbora",
      "is_sale": false
    },
    "Makaronid täist. durum TARTU MILLi 500g": {
      "category": "Barbora:Pasta",
      "entries": [
        {
          "t": "2026-01-27T10:38:06.647216",
          "p": 1.45
        }
      ],
      "latest_price": 1.45,
      "price_per_unit": 2.9,
      "unit_label": "kg",
      "url": "https://barbora.ee/toode/makaronid-taist-durum-tartu-milli-500-g",
      "img": "https://cdn.barbora.ee/products/80f6bfc0-4bd2-4644-82c8-3c15380226d2_m.png",
      "store": "Barbora",
      "is_sale": false
    },
    "Makaronid Fettuccine BARILLA 500g": {
      "category": "Barbora:Pasta",
      "entries": [
        {
          "t": "2026-01-27T10:38:06.647216",
          "p": 3.09
        }
      ],
      "latest_price": 3.09,
      "price_per_unit": 6.18,
      "unit_label": "kg",
      "url": "https://barbora.ee/toode/makaronid-fettuccine-barilla-500-g",
      "img": "https://cdn.barbora.ee/products/6b91f45d-3fb7-4a62-a1c9-550a4ff11c6e_m.png",
      "store": "Barbora",
      "is_sale": false
    },
    "Makar.munaga FettuccineN89 DELVERDE 250g": {
      "category": "Barbora:Pasta",
      "entries": [
        {
          "t": "2026-01-27T10:38:06.647216",
          "p": 2.19
        }
      ],
      "latest_price": 2.19,
      "price_per_unit": 8.76,
      "unit_label": "kg",
      "url": "https://barbora.ee/toode/makar-munaga-fettuccinen-89-delverde-250-g",
      "img": "https://cdn.barbora.ee/products/b79ee7fb-2f9d-4f04-9f6e-6347de958a17_m.png",
      "store": "Barbora",
      "is_sale": false
    },
    "Pasta munaga Collerette PANZANI 400g": {
      "category": "Barbora:Pasta",
      "entries": [
        {
          "t": "2026-01-27T10:38:06.647216",
          "p": 3.45
        }
      ],
      "latest_price": 3.45,
      "price_per_unit": 8.63,
      "unit_label": "kg",
      "url": "https://barbora.ee/toode/pasta-munaga-collerette-panzani-400-g",
      "img": "https://cdn.barbora.ee/products/1e8779d0-9a18-415c-8b02-59f121dd6c00_m.png",
      "store": "Barbora",
      "is_sale": false
    },
    "Pasta munaga Tagliatelle PANZANI 400g": {
      "category": "Barbora:Pasta",
      "entries": [
        {
          "t": "2026-01-27T10:38:06.647216",
          "p": 3.29
        }
      ],
      "latest_price": 3.29,
      "price_per_unit": 8.23,
      "unit_label": "kg",
      "url": "https://barbora.ee/toode/pasta-munaga-tagliatelle-panzani-400-g",
      "img": "https://cdn.barbora.ee/products/5f7df244-5545-474c-81c0-fcd934d89a45_m.png",
      "store": "Barbora",
      "is_sale": false
    },
    "Pasta munaga Farfalle PANZANI 400g": {
      "category": "Barbora:Pasta",
      "entries": [
        {
          "t": "2026-01-27T10:38:06.647216",
          "p": 3.45
        }
      ],
      "latest_price": 3.45,
      "price_per_unit": 8.63,
      "unit_label": "kg",
      "url": "https://barbora.ee/toode/pasta-munaga-farfalle-panzani-400-g",
      "img": "https://cdn.barbora.ee/products/173ba8f9-f2f8-473e-8999-de7178bdfe1b_m.png",
      "store": "Barbora",
      "is_sale": false
    },
    "Makaronid Linquine TARTU MILL 500g": {
      "category": "Barbora:Pasta",
      "entries": [
        {
          "t": "2026-01-27T10:38:06.647216",
          "p": 1.37
        }
      ],
      "latest_price": 1.37,
      "price_per_unit": 2.74,
      "unit_label": "kg",
      "url": "https://barbora.ee/toode/makaronid-linquine-tartu-mill-500-g",
      "img": "https://cdn.barbora.ee/products/0565b7b0-1cda-467a-96ee-3d1cc3e4ff1d_m.png",
      "store": "Barbora",
      "is_sale": false
    },
    "Makaronid sarvekesed EXTRA LINE 400g": {
      "category": "Barbora:Pasta",
      "entries": [
        {
          "t": "2026-01-27T10:38:06.647216",
          "p": 0.28
        }
      ],
      "latest_price": 0.28,
      "price_per_unit": 0.7,
      "unit_label": "kg",
      "url": "https://barbora.ee/toode/makaronid-sarvekesed-extra-line-400-g",
      "img": "https://cdn.barbora.ee/products/dd6ad231-474f-43f4-9c2a-8d9784235838_m.png",
      "store": "Barbora",
      "is_sale": false
    },
    "Makaronid spiraalid EXTRA LINE 400g": {
      "category": "Barbora:Pasta",
      "entries": [
        {
          "t": "2026-01-27T10:38:06.647216",
          "p": 0.45
        }
      ],
      "latest_price": 0.45,
      "price_per_unit": 1.13,
      "unit_label": "kg",
      "url": "https://barbora.ee/toode/makaronid-spiraalid-extra-line-400-g",
      "img": "https://cdn.barbora.ee/products/d0b853fa-daa9-4360-b616-038bde75dfea_m.png",
      "store": "Barbora",
      "is_sale": false
    },
    "Makaronid nuudlid EXTRA LINE 400g": {
      "category": "Barbora:Pasta",
      "entries": [
        {
          "t": "2026-01-27T10:38:06.647216",
          "p": 0.45
        }
      ],
      "latest_price": 0.45,
      "price_per_unit": 1.13,
      "unit_label": "kg",
      "url": "https://barbora.ee/toode/makaronid-nuudlid-extra-line-400-g",
      "img": "https://cdn.barbora.ee/products/d1da8ebb-d2a7-401a-b532-692f776af59b_m.png",
      "store": "Barbora",
      "is_sale": false
    },
    "Spagetid EXTRA LINE 400g": {
      "category": "Barbora:Pasta",
      "entries": [
        {
          "t": "2026-01-27T10:38:06.647216",
          "p": 0.45
        }
      ],
      "latest_price": 0.45,
      "price_per_unit": 1.13,
      "unit_label": "kg",
      "url": "https://barbora.ee/toode/spagetid-extra-line-400-g",
      "img": "https://cdn.barbora.ee/products/0ff3e201-a341-462e-9703-252e93e4a639_m.png",
      "store": "Barbora",
      "is_sale": false
    },
    "Makaronid Farfalle TARTU MILL 500g": {
      "category": "Barbora:Pasta",
      "entries": [
        {
          "t": "2026-01-27T10:38:06.647216",
          "p": 1.39
        }
      ],
      "latest_price": 1.39,
      "price_per_unit": 2.78,
      "unit_label": "kg",
      "url": "https://barbora.ee/toode/makaronid-farfalle-tartu-mill-500-g",
      "img": "https://cdn.barbora.ee/products/cc2edf30-eb1c-4cb6-b2b5-d5dcb6f2572c_m.png",
      "store": "Barbora",
      "is_sale": false
    },
    "Makar.Fusilli Tricolore TARTU MILL 500g": {
      "category": "Barbora:Pasta",
      "entries": [
        {
          "t": "2026-01-27T10:38:06.647216",
          "p": 1.85
        }
      ],
      "latest_price": 1.85,
      "price_per_unit": 3.7,
      "unit_label": "kg",
      "url": "https://barbora.ee/toode/makar-fusilli-tricolore-tartu-mill-500-g",
      "img": "https://cdn.barbora.ee/products/0ee49a34-6ccc-4552-ab0e-df9cfdb0c60a_m.png",
      "store": "Barbora",
      "is_sale": false
    },
    "Makaronid Mini Lasagne TARTU MILL 400g": {
      "category": "Barbora:Pasta",
      "entries": [
        {
          "t": "2026-01-27T10:38:06.647216",
          "p": 1.35
        }
      ],
      "latest_price": 1.35,
      "price_per_unit": 3.38,
      "unit_label": "kg",
      "url": "https://barbora.ee/toode/makaronid-mini-lasagne-tartu-mill-400-g",
      "img": "https://cdn.barbora.ee/products/c3b1a954-c148-4c28-87c9-ba54fede7c62_m.png",
      "store": "Barbora",
      "is_sale": false
    },
    "Makaronid Zoo WELL DONE 500g": {
      "category": "Barbora:Pasta",
      "entries": [
        {
          "t": "2026-01-27T10:38:06.647216",
          "p": 0.99
        }
      ],
      "latest_price": 0.99,
      "price_per_unit": 1.98,
      "unit_label": "kg",
      "url": "https://barbora.ee/toode/makaronid-zoo-well-done-500-g",
      "img": "https://cdn.barbora.ee/products/52e843c3-f76c-4fb5-91b0-a584dc992705_m.png",
      "store": "Barbora",
      "is_sale": false
    },
    "Makaronid Funny WELL DONE 500g": {
      "category": "Barbora:Pasta",
      "entries": [
        {
          "t": "2026-01-27T10:38:06.647216",
          "p": 0.99
        }
      ],
      "latest_price": 0.99,
      "price_per_unit": 1.98,
      "unit_label": "kg",
      "url": "https://barbora.ee/toode/makaronid-funny-well-done-500-g",
      "img": "https://cdn.barbora.ee/products/a2b3153e-e517-48d3-b59e-010801dc0bac_m.png",
      "store": "Barbora",
      "is_sale": false
    },
    "Täisteraspag.durum Nr 5 WELL DONE 500g": {
      "category": "Barbora:Pasta",
      "entries": [
        {
          "t": "2026-01-27T10:38:06.647216",
          "p": 1.25
        }
      ],
      "latest_price": 1.25,
      "price_per_unit": 2.5,
      "unit_label": "kg",
      "url": "https://barbora.ee/toode/taisteraspag-durum-nr-5-well-done-500-g",
      "img": "https://cdn.barbora.ee/products/93836909-1ae4-4448-9afa-b9dfd5cdc1b8_m.png",
      "store": "Barbora",
      "is_sale": false
    },
    "Makaronid Filini Piccoli WELL DONE 500g": {
      "category": "Barbora:Pasta",
      "entries": [
        {
          "t": "2026-01-27T10:38:06.647216",
          "p": 0.99
        }
      ],
      "latest_price": 0.99,
      "price_per_unit": 1.98,
      "unit_label": "kg",
      "url": "https://barbora.ee/toode/makaronid-filini-piccoli-well-done-500-g",
      "img": "https://cdn.barbora.ee/products/8e6d54fc-e23f-4432-9b8e-c8638e1f340c_m.png",
      "store": "Barbora",
      "is_sale": false
    },
    "Makaronid Penne Rigate WELL DONE 500g": {
      "category": "Barbora:Pasta",
      "entries": [
        {
          "t": "2026-01-27T10:38:06.647216",
          "p": 1.49
        }
      ],
      "latest_price": 1.49,
      "price_per_unit": 2.98,
      "unit_label": "kg",
      "url": "https://barbora.ee/toode/makaronid-penne-rigate-well-done-500-g-35401",
      "img": "https://cdn.barbora.ee/products/609c8482-6d73-40f6-b8c2-cd7f64d1fdd7_m.png",
      "store": "Barbora",
      "is_sale": false
    },
    "Makaronid Fusilli WELL DONE 500g": {
      "category": "Barbora:Pasta",
      "entries": [
        {
          "t": "2026-01-27T10:38:06.647216",
          "p": 1.49
        }
      ],
      "latest_price": 1.49,
      "price_per_unit": 2.98,
      "unit_label": "kg",
      "url": "https://barbora.ee/toode/makaronid-fusilli-well-done-500-g-35410",
      "img": "https://cdn.barbora.ee/products/3bb6799d-d023-457d-9902-64822fe9ab02_m.png",
      "store": "Barbora",
      "is_sale": false
    },
    "Lasanjelehed WELL DONE 500g": {
      "category": "Barbora:Pasta",
      "entries": [
        {
          "t": "2026-01-27T10:38:06.647216",
          "p": 2.29
        }
      ],
      "latest_price": 2.29,
      "price_per_unit": 4.58,
      "unit_label": "kg",
      "url": "https://barbora.ee/toode/lasanjelehed-well-done-500-g",
      "img": "https://cdn.barbora.ee/products/357df6e7-717d-495c-8455-19637909d1ef_m.png",
      "store": "Barbora",
      "is_sale": false
    },
    "Spagetid WELL DONE 500g": {
      "category": "Barbora:Pasta",
      "entries": [
        {
          "t": "2026-01-27T10:38:06.647216",
          "p": 1.49
        }
      ],
      "latest_price": 1.49,
      "price_per_unit": 2.98,
      "unit_label": "kg",
      "url": "https://barbora.ee/toode/spagetid-well-done-500-g",
      "img": "https://cdn.barbora.ee/products/65d2a359-c596-48d5-9284-00461f64c39d_m.png",
      "store": "Barbora",
      "is_sale": false
    },
    "Makaronid Cornetti WELL DONE 500g": {
      "category": "Barbora:Pasta",
      "entries": [
        {
          "t": "2026-01-27T10:38:06.647216",
          "p": 1.49
        }
      ],
      "latest_price": 1.49,
      "price_per_unit": 2.98,
      "unit_label": "kg",
      "url": "https://barbora.ee/toode/makaronid-cornetti-well-done-500-g",
      "img": "https://cdn.barbora.ee/products/adbf2d56-a236-4b75-8568-2e8efc926e08_m.png",
      "store": "Barbora",
      "is_sale": false
    },
    "Makaronid Farfalle WELL DONE 500g": {
      "category": "Barbora:Pasta",
      "entries": [
        {
          "t": "2026-01-27T10:38:06.647216",
          "p": 1.49
        }
      ],
      "latest_price": 1.49,
      "price_per_unit": 2.98,
      "unit_label": "kg",
      "url": "https://barbora.ee/toode/makaronid-farfalle-well-done-500-g",
      "img": "https://cdn.barbora.ee/products/3e415e19-595d-4b74-a6bc-2c518d5ede53_m.png",
      "store": "Barbora",
      "is_sale": false
    },
    "Makaronid Rigatoni N19 DELVERDE 500g": {
      "category": "Barbora:Pasta",
      "entries": [
        {
          "t": "2026-01-27T10:38:06.647216",
          "p": 2.69
        }
      ],
      "latest_price": 2.69,
      "price_per_unit": 5.38,
      "unit_label": "kg",
      "url": "https://barbora.ee/toode/makaronid-rigatoni-n-19-delverde-500-g",
      "img": "https://cdn.barbora.ee/products/3c00ff75-1195-4f7b-a47a-000fb5da7309_m.png",
      "store": "Barbora",
      "is_sale": false
    },
    "Spagetid AlNero DiSeppia GOURMANTE 500g": {
      "category": "Barbora:Pasta",
      "entries": [
        {
          "t": "2026-01-27T10:38:06.647216",
          "p": 4.99
        }
      ],
      "latest_price": 4.99,
      "price_per_unit": 9.98,
      "unit_label": "kg",
      "url": "https://barbora.ee/toode/spagetid-alnero-diseppia-gourmante-500-g",
      "img": "https://cdn.barbora.ee/products/bca23aa3-7665-4a17-803b-1fb8753115a1_m.png",
      "store": "Barbora",
      "is_sale": false
    },
    "Lasanjelehed Ondine DELVERDE 500g": {
      "category": "Barbora:Pasta",
      "entries": [
        {
          "t": "2026-01-27T10:38:06.647216",
          "p": 2.99
        }
      ],
      "latest_price": 2.99,
      "price_per_unit": 5.98,
      "unit_label": "kg",
      "url": "https://barbora.ee/toode/lasanjelehed-ondine-delverde-500-g-86738",
      "img": "https://cdn.barbora.ee/products/711605d7-7bcf-468f-933c-27ca80af1888_m.png",
      "store": "Barbora",
      "is_sale": false
    },
    "Makaronid Cannelloni BARILLA 250g": {
      "category": "Barbora:Pasta",
      "entries": [
        {
          "t": "2026-01-27T10:38:06.647216",
          "p": 3.99
        }
      ],
      "latest_price": 3.99,
      "price_per_unit": 15.96,
      "unit_label": "kg",
      "url": "https://barbora.ee/toode/makaronid-cannelloni-barilla-250-g",
      "img": "https://cdn.barbora.ee/products/f088e412-cdbc-45bf-9d35-217cfd730cf9_m.png",
      "store": "Barbora",
      "is_sale": false
    },
    "Makaronid Risoni BARILLA 500g": {
      "category": "Barbora:Pasta",
      "entries": [
        {
          "t": "2026-01-27T10:38:06.647216",
          "p": 2.35
        }
      ],
      "latest_price": 2.35,
      "price_per_unit": 4.7,
      "unit_label": "kg",
      "url": "https://barbora.ee/toode/makaronid-risoni-barilla-500-g",
      "img": "https://cdn.barbora.ee/products/d0c43a25-59fd-4fc4-962e-c11f43df1c41_m.png",
      "store": "Barbora",
      "is_sale": false
    },
    "Makaron.Maccheroni Lisci TARTU MILL 500g": {
      "category": "Barbora:Pasta",
      "entries": [
        {
          "t": "2026-01-27T10:38:06.647216",
          "p": 1.37
        }
      ],
      "latest_price": 1.37,
      "price_per_unit": 2.74,
      "unit_label": "kg",
      "url": "https://barbora.ee/toode/makaron-maccheroni-lisci-tartu-mill-500-g",
      "img": "https://cdn.barbora.ee/products/99a6f68c-16fb-43ac-b381-2d60c40771d4_m.png",
      "store": "Barbora",
      "is_sale": false
    },
    "Makaronid Riso Nr.66 DELVERDE 500g": {
      "category": "Barbora:Pasta",
      "entries": [
        {
          "t": "2026-01-27T10:38:06.647216",
          "p": 2.69
        }
      ],
      "latest_price": 2.69,
      "price_per_unit": 5.38,
      "unit_label": "kg",
      "url": "https://barbora.ee/toode/makaronid-riso-nr-66-delverde-500-g",
      "img": "https://cdn.barbora.ee/products/1ee51e19-bfe3-4121-b631-bc520961a2f4_m.png",
      "store": "Barbora",
      "is_sale": false
    },
    "Makaronid Tagliatelle PANZANI 500g": {
      "category": "Barbora:Pasta",
      "entries": [
        {
          "t": "2026-01-27T10:38:06.647216",
          "p": 3.39
        }
      ],
      "latest_price": 3.39,
      "price_per_unit": 6.78,
      "unit_label": "kg",
      "url": "https://barbora.ee/toode/makaronid-tagliatelle-panzani-500-g",
      "img": "https://cdn.barbora.ee/products/4f1c7c0a-d962-4edd-ba08-1a18e052d1de_m.png",
      "store": "Barbora",
      "is_sale": false
    },
    "Lintspagetid Linguine PANZANI 500g": {
      "category": "Barbora:Pasta",
      "entries": [
        {
          "t": "2026-01-27T10:38:06.647216",
          "p": 2.29
        }
      ],
      "latest_price": 2.29,
      "price_per_unit": 4.58,
      "unit_label": "kg",
      "url": "https://barbora.ee/toode/lintspagetid-linguine-panzani-500-g",
      "img": "https://cdn.barbora.ee/products/b4e1588d-b488-495f-a9da-3e0225ce7129_m.png",
      "store": "Barbora",
      "is_sale": false
    },
    "Makar.Stortoni Al Bronzo GOURMANTE 500g": {
      "category": "Barbora:Pasta",
      "entries": [
        {
          "t": "2026-01-27T10:38:06.647216",
          "p": 4.99
        }
      ],
      "latest_price": 4.99,
      "price_per_unit": 9.98,
      "unit_label": "kg",
      "url": "https://barbora.ee/toode/makar-stortoni-al-bronzo-gourmante-500-g",
      "img": "https://cdn.barbora.ee/products/6560d0d6-c280-4338-b0db-96cf8d2f9c66_m.png",
      "store": "Barbora",
      "is_sale": false
    },
    "Makaronid Tagliatelle GOURMANTE 250g": {
      "category": "Barbora:Pasta",
      "entries": [
        {
          "t": "2026-01-27T10:38:06.647216",
          "p": 5.99
        }
      ],
      "latest_price": 5.99,
      "price_per_unit": 23.96,
      "unit_label": "kg",
      "url": "https://barbora.ee/toode/makaronid-tagliatelle-gourmante-250-g",
      "img": "https://cdn.barbora.ee/products/9001fbb5-b136-44ab-90f9-3c31fc0ea2f2_m.png",
      "store": "Barbora",
      "is_sale": false
    },
    "Makar.Bucatini Al Bronzo GOURMANTE 500g": {
      "category": "Barbora:Pasta",
      "entries": [
        {
          "t": "2026-01-27T10:38:06.647216",
          "p": 4.99
        }
      ],
      "latest_price": 4.99,
      "price_per_unit": 9.98,
      "unit_label": "kg",
      "url": "https://barbora.ee/toode/makar-bucatini-al-bronzo-gourmante-500-g",
      "img": "https://cdn.barbora.ee/products/27833b47-0636-4b77-ac98-b8ba01653e55_m.png",
      "store": "Barbora",
      "is_sale": false
    },
    "Munamak.Tagliatelle Medit.GOURMANTE 250g": {
      "category": "Barbora:Pasta",
      "entries": [
        {
          "t": "2026-01-27T10:38:06.647216",
          "p": 5.99
        }
      ],
      "latest_price": 5.99,
      "price_per_unit": 23.96,
      "unit_label": "kg",
      "url": "https://barbora.ee/toode/munamak-tagliatelle-medit-gourmante-250-g",
      "img": "https://cdn.barbora.ee/products/c7b5c6b6-f078-4cca-8c93-b3992ea0f00a_m.png",
      "store": "Barbora",
      "is_sale": false
    },
    "Makar.Capp.Da Chef Veget.GOURMANTE 500g": {
      "category": "Barbora:Pasta",
      "entries": [
        {
          "t": "2026-01-27T10:38:06.647216",
          "p": 6.99
        }
      ],
      "latest_price": 6.99,
      "price_per_unit": 13.98,
      "unit_label": "kg",
      "url": "https://barbora.ee/toode/makar-capp-da-chef-veget-gourmante-500-g",
      "img": "https://cdn.barbora.ee/products/65395103-e9d7-4175-b162-7057ed655122_m.png",
      "store": "Barbora",
      "is_sale": false
    },
    "Kart.klimb.Gnocchi TruffleGOURMANTE 300g": {
      "category": "Barbora:Pasta",
      "entries": [
        {
          "t": "2026-01-27T10:38:06.647216",
          "p": 2.85
        }
      ],
      "latest_price": 2.85,
      "price_per_unit": 9.5,
      "unit_label": "kg",
      "url": "https://barbora.ee/toode/kart-klimb-gnocchi-trufflegourmante-300-g",
      "img": "https://cdn.barbora.ee/products/a1d0f061-e821-404a-afbb-6adde9a0469c_m.png",
      "store": "Barbora",
      "is_sale": false
    },
    "Mahe-täisteramakar.toruke DELVERDE 500g": {
      "category": "Barbora:Pasta",
      "entries": [
        {
          "t": "2026-01-27T10:47:10.945160",
          "p": 3.38
        },
        {
          "t": "2026-01-27T10:53:26.887629",
          "p": 1.69
        }
      ],
      "latest_price": 1.69,
      "price_per_unit": 3.38,
      "unit_label": "kg",
      "url": "https://barbora.ee/toode/mahe-taisteramakar-toruke-delverde-500-g",
      "img": "https://cdn.barbora.ee/products/bc556b98-e828-4a01-843f-b6c88c02e3e0_m.png",
      "store": "Barbora",
      "is_sale": false
    },
    "Mahe -täisteramakar.spiraalDELVERDE 500g": {
      "category": "Barbora:Pasta",
      "entries": [
        {
          "t": "2026-01-27T10:47:10.945160",
          "p": 3.38
        },
        {
          "t": "2026-01-27T10:53:26.887629",
          "p": 1.69
        }
      ],
      "latest_price": 1.69,
      "price_per_unit": 3.38,
      "unit_label": "kg",
      "url": "https://barbora.ee/toode/mahe-taisteramakar-spiraaldelverde-500-g",
      "img": "https://cdn.barbora.ee/products/6ecb4a86-5a9c-46e8-aa94-a1ca0a7c8509_m.png",
      "store": "Barbora",
      "is_sale": false
    },
    "Makaronid Corti Bucati LA MOLISANA 500g": {
      "category": "Barbora:Pasta",
      "entries": [
        {
          "t": "2026-01-27T10:47:10.945160",
          "p": 2.38
        },
        {
          "t": "2026-01-27T10:53:26.887629",
          "p": 1.19
        }
      ],
      "latest_price": 1.19,
      "price_per_unit": 2.38,
      "unit_label": "kg",
      "url": "https://barbora.ee/toode/makaronid-corti-bucati-la-molisana-500-g",
      "img": "https://cdn.barbora.ee/products/3abc6f64-61b4-4606-871e-2ab2e22ec332_m.png",
      "store": "Barbora",
      "is_sale": false
    },
    "Makaronid Radiat.Nr.73 LA MOLISANA 500g": {
      "category": "Barbora:Pasta",
      "entries": [
        {
          "t": "2026-01-27T10:47:10.945160",
          "p": 2.38
        },
        {
          "t": "2026-01-27T10:53:26.887629",
          "p": 1.19
        }
      ],
      "latest_price": 1.19,
      "price_per_unit": 0.0163013698630137,
      "unit_label": "kg",
      "url": "https://barbora.ee/toode/makaronid-radiat-nr-73-la-molisana-500-g",
      "img": "https://cdn.barbora.ee/products/1f475450-3aea-45c4-a58d-e14fc260e3e9_m.png",
      "store": "Barbora",
      "is_sale": false
    },
    "Makaronid Tagliat.Nr.103 LA MOLISANA500g": {
      "category": "Barbora:Pasta",
      "entries": [
        {
          "t": "2026-01-27T10:47:10.945160",
          "p": 3.38
        },
        {
          "t": "2026-01-27T10:53:26.887629",
          "p": 1.69
        }
      ],
      "latest_price": 1.69,
      "price_per_unit": 0.016407766990291263,
      "unit_label": "kg",
      "url": "https://barbora.ee/toode/makaronid-tagliat-nr-103-la-molisana-500-g",
      "img": "https://cdn.barbora.ee/products/4f6a68dd-f075-48cb-9af5-071e522ef8cd_m.png",
      "store": "Barbora",
      "is_sale": false
    },
    "Makar.Mezzi Rigat.nr32 LAMOLISANA 500g": {
      "category": "Barbora:Pasta",
      "entries": [
        {
          "t": "2026-01-27T10:47:10.945160",
          "p": 2.38
        },
        {
          "t": "2026-01-27T10:53:26.887629",
          "p": 1.19
        }
      ],
      "latest_price": 1.19,
      "price_per_unit": 0.0371875,
      "unit_label": "kg",
      "url": "https://barbora.ee/toode/makar-mezzi-rigat-nr-32-lamolisana-500-g",
      "img": "https://cdn.barbora.ee/products/5ca201af-cbb8-40ec-ae90-54b1c10a8ed4_m.png",
      "store": "Barbora",
      "is_sale": false
    },
    "Täistera makar.Fusilli TARTU MILL 500g": {
      "category": "Barbora:Pasta",
      "entries": [
        {
          "t": "2026-01-27T10:47:10.945160",
          "p": 1.98
        },
        {
          "t": "2026-01-27T10:53:26.887629",
          "p": 0.99
        }
      ],
      "latest_price": 0.99,
      "price_per_unit": 1.98,
      "unit_label": "kg",
      "url": "https://barbora.ee/toode/taistera-makar-fusilli-tartu-mill-500-g",
      "img": "https://cdn.barbora.ee/products/86932168-17c2-4ae0-8af3-e16bb348a54e_m.png",
      "store": "Barbora",
      "is_sale": false
    },
    "Täistera makar.Penne rig.TARTU MILL 500g": {
      "category": "Barbora:Pasta",
      "entries": [
        {
          "t": "2026-01-27T10:47:10.945160",
          "p": 1.98
        },
        {
          "t": "2026-01-27T10:53:26.887629",
          "p": 0.99
        }
      ],
      "latest_price": 0.99,
      "price_per_unit": 1.98,
      "unit_label": "kg",
      "url": "https://barbora.ee/toode/taistera-makar-penne-rig-tartu-mill-500-g",
      "img": "https://cdn.barbora.ee/products/ed89a4fb-afcf-411d-a260-adee5f2caec3_m.png",
      "store": "Barbora",
      "is_sale": false
    },
    "Täistera spagetid Nr7 TARTU MILL 500g": {
      "category": "Barbora:Pasta",
      "entries": [
        {
          "t": "2026-01-27T10:47:10.945160",
          "p": 1.98
        },
        {
          "t": "2026-01-27T10:53:26.887629",
          "p": 0.99
        }
      ],
      "latest_price": 0.99,
      "price_per_unit": 1.98,
      "unit_label": "kg",
      "url": "https://barbora.ee/toode/taistera-spagetid-nr-7-tartu-mill-500-g",
      "img": "https://cdn.barbora.ee/products/63184784-2b93-490a-8bd0-e49debbf3121_m.png",
      "store": "Barbora",
      "is_sale": false
    },
    "Makaronid Capellini Spez.LAMOLISANA 500g": {
      "category": "Barbora:Pasta",
      "entries": [
        {
          "t": "2026-01-27T10:47:10.945160",
          "p": 2.38
        },
        {
          "t": "2026-01-27T10:53:26.887629",
          "p": 1.19
        }
      ],
      "latest_price": 1.19,
      "price_per_unit": 2.38,
      "unit_label": "kg",
      "url": "https://barbora.ee/toode/makaronid-capellini-spez-lamolisana-500-g",
      "img": "https://cdn.barbora.ee/products/c044ba6e-1fe8-40df-bae6-9e97f7ac29dd_m.png",
      "store": "Barbora",
      "is_sale": false
    },
    "Spagetid Trighetto LA MOLISANA 500g": {
      "category": "Barbora:Pasta",
      "entries": [
        {
          "t": "2026-01-27T10:47:10.945160",
          "p": 2.38
        },
        {
          "t": "2026-01-27T10:53:26.887629",
          "p": 1.19
        }
      ],
      "latest_price": 1.19,
      "price_per_unit": 2.38,
      "unit_label": "kg",
      "url": "https://barbora.ee/toode/spagetid-trighetto-la-molisana-500-g",
      "img": "https://cdn.barbora.ee/products/9f296249-f79f-4e46-8884-228c4fc9798a_m.png",
      "store": "Barbora",
      "is_sale": false
    },
    "Makar.Conchig.Rig. Nr.25LA MOLISANA 500g": {
      "category": "Barbora:Pasta",
      "entries": [
        {
          "t": "2026-01-27T10:47:10.945160",
          "p": 2.38
        },
        {
          "t": "2026-01-27T10:53:26.887629",
          "p": 1.19
        }
      ],
      "latest_price": 1.19,
      "price_per_unit": 0.047599999999999996,
      "unit_label": "kg",
      "url": "https://barbora.ee/toode/makar-conchig-rig-nr-25-la-molisana-500-g",
      "img": "https://cdn.barbora.ee/products/8953afba-2e39-4009-80fe-ce00482eec76_m.png",
      "store": "Barbora",
      "is_sale": false
    },
    "Makar.Mafalda Cort.Nr.77LA MOLISANA 500g": {
      "category": "Barbora:Pasta",
      "entries": [
        {
          "t": "2026-01-27T10:47:10.945160",
          "p": 2.38
        },
        {
          "t": "2026-01-27T10:53:26.887629",
          "p": 1.19
        }
      ],
      "latest_price": 1.19,
      "price_per_unit": 0.015454545454545453,
      "unit_label": "kg",
      "url": "https://barbora.ee/toode/makar-mafalda-cort-nr-77-la-molisana-500-g",
      "img": "https://cdn.barbora.ee/products/7cd5f3e5-5936-45f4-b16f-b415d27cc22d_m.png",
      "store": "Barbora",
      "is_sale": false
    },
    "Spagetid Nr 5 WELL DONE 500g": {
      "category": "Barbora:Pasta",
      "entries": [
        {
          "t": "2026-01-27T10:47:10.945160",
          "p": 1.58
        },
        {
          "t": "2026-01-27T10:53:26.887629",
          "p": 0.79
        }
      ],
      "latest_price": 0.79,
      "price_per_unit": 1.58,
      "unit_label": "kg",
      "url": "https://barbora.ee/toode/spagetid-durum-nr-5-well-done-500-g",
      "img": "https://cdn.barbora.ee/products/07daf24d-8798-4617-9b04-97e244377fd3_m.png",
      "store": "Barbora",
      "is_sale": false
    },
    "Makaronid Linguine Nr.6 LA MOLISANA 500g": {
      "category": "Barbora:Pasta",
      "entries": [
        {
          "t": "2026-01-27T10:47:10.945160",
          "p": 2.38
        },
        {
          "t": "2026-01-27T10:53:26.887629",
          "p": 1.19
        }
      ],
      "latest_price": 1.19,
      "price_per_unit": 0.19833333333333333,
      "unit_label": "kg",
      "url": "https://barbora.ee/toode/makaronid-linguine-nr-6-la-molisana-500-g",
      "img": "https://cdn.barbora.ee/products/0aa6eb97-369e-41f2-87e8-57aa4ef6b40b_m.png",
      "store": "Barbora",
      "is_sale": false
    },
    "Makaronid Rotelle Nr.71 LA MOLISANA 500g": {
      "category": "Barbora:Pasta",
      "entries": [
        {
          "t": "2026-01-27T10:47:10.945160",
          "p": 2.38
        },
        {
          "t": "2026-01-27T10:53:26.887629",
          "p": 1.19
        }
      ],
      "latest_price": 1.19,
      "price_per_unit": 0.01676056338028169,
      "unit_label": "kg",
      "url": "https://barbora.ee/toode/makaronid-rotelle-nr-71-la-molisana-500-g",
      "img": "https://cdn.barbora.ee/products/255f7c07-6a9d-4376-b1f2-a376adfcc4b3_m.png",
      "store": "Barbora",
      "is_sale": false
    },
    "Makaronid Maccher. Nr.37LA MOLISANA 500g": {
      "category": "Barbora:Pasta",
      "entries": [
        {
          "t": "2026-01-27T10:47:10.945160",
          "p": 2.38
        },
        {
          "t": "2026-01-27T10:53:26.887629",
          "p": 1.19
        }
      ],
      "latest_price": 1.19,
      "price_per_unit": 0.03216216216216216,
      "unit_label": "kg",
      "url": "https://barbora.ee/toode/makaronid-maccher-nr-37-la-molisana-500-g",
      "img": "https://cdn.barbora.ee/products/fd90a529-e234-4937-965e-684677112523_m.png",
      "store": "Barbora",
      "is_sale": false
    },
    "Makaronid Gemelli Nr.80 LA MOLISANA 500g": {
      "category": "Barbora:Pasta",
      "entries": [
        {
          "t": "2026-01-27T10:47:10.945160",
          "p": 2.38
        },
        {
          "t": "2026-01-27T10:53:26.887629",
          "p": 1.19
        }
      ],
      "latest_price": 1.19,
      "price_per_unit": 0.014875,
      "unit_label": "kg",
      "url": "https://barbora.ee/toode/makaronid-gemelli-nr-80-la-molisana-500-g",
      "img": "https://cdn.barbora.ee/products/7a797958-4eb7-4b3d-b893-d5649855bb44_m.png",
      "store": "Barbora",
      "is_sale": false
    },
    "Makar.durum Penne Rigate WELL DONE 500g": {
      "category": "Barbora:Pasta",
      "entries": [
        {
          "t": "2026-01-27T10:47:10.945160",
          "p": 1.58
        },
        {
          "t": "2026-01-27T10:53:26.887629",
          "p": 0.79
        }
      ],
      "latest_price": 0.79,
      "price_per_unit": 1.58,
      "unit_label": "kg",
      "url": "https://barbora.ee/toode/makar-durum-penne-rigate-well-done-500-g",
      "img": "https://cdn.barbora.ee/products/0bd64c91-3701-4c7f-af02-dd2197970140_m.png",
      "store": "Barbora",
      "is_sale": false
    },
    "Makaronid durum Fusilli WELL DONE 500g": {
      "category": "Barbora:Pasta",
      "entries": [
        {
          "t": "2026-01-27T10:47:10.945160",
          "p": 1.58
        },
        {
          "t": "2026-01-27T10:53:26.887629",
          "p": 0.79
        }
      ],
      "latest_price": 0.79,
      "price_per_unit": 1.58,
      "unit_label": "kg",
      "url": "https://barbora.ee/toode/makaronid-durum-fusilli-well-done-500-g",
      "img": "https://cdn.barbora.ee/products/daa25903-4bf9-4845-8619-2dce1c729bde_m.png",
      "store": "Barbora",
      "is_sale": false
    },
    "Mak.durum Cornetti Rigati WELL DONE 500g": {
      "category": "Barbora:Pasta",
      "entries": [
        {
          "t": "2026-01-27T10:47:10.945160",
          "p": 1.58
        },
        {
          "t": "2026-01-27T10:53:26.887629",
          "p": 0.79
        }
      ],
      "latest_price": 0.79,
      "price_per_unit": 1.58,
      "unit_label": "kg",
      "url": "https://barbora.ee/toode/mak-durum-cornetti-rigati-well-done-500-g",
      "img": "https://cdn.barbora.ee/products/cc86f1bb-c7a1-4108-bde6-f89f760f433a_m.png",
      "store": "Barbora",
      "is_sale": false
    },
    "Täist.makar.durum Fusilli WELL DONE 500g": {
      "category": "Barbora:Pasta",
      "entries": [
        {
          "t": "2026-01-27T10:47:10.945160",
          "p": 1.98
        },
        {
          "t": "2026-01-27T10:53:26.887629",
          "p": 0.99
        }
      ],
      "latest_price": 0.99,
      "price_per_unit": 1.98,
      "unit_label": "kg",
      "url": "https://barbora.ee/toode/taist-makar-durum-fusilli-well-done-500-g",
      "img": "https://cdn.barbora.ee/products/24facb99-1898-4348-a4fd-7521979917c9_m.png",
      "store": "Barbora",
      "is_sale": false
    },
    "Makar.Pappardelle nr105 LAMOLISANA 500g": {
      "category": "Barbora:Pasta",
      "entries": [
        {
          "t": "2026-01-27T10:47:10.945160",
          "p": 3.38
        },
        {
          "t": "2026-01-27T10:53:26.887629",
          "p": 1.69
        }
      ],
      "latest_price": 1.69,
      "price_per_unit": 0.016095238095238093,
      "unit_label": "kg",
      "url": "https://barbora.ee/toode/makar-pappardelle-nr-105-lamolisana-500-g",
      "img": "https://cdn.barbora.ee/products/3da007a8-b322-4b00-9df5-fcf872a61a57_m.png",
      "store": "Barbora",
      "is_sale": false
    },
    "Täisteraspagetid LA MOLISANA500g": {
      "category": "Barbora:Pasta",
      "entries": [
        {
          "t": "2026-01-27T10:53:26.887629",
          "p": 1.35
        }
      ],
      "latest_price": 1.35,
      "price_per_unit": 2.7,
      "unit_label": "kg",
      "url": "https://barbora.ee/toode/taisteraspagetid-la-molisana-500-g",
      "img": "https://cdn.barbora.ee/products/ee2a8828-344d-4d06-8fb5-54058b7e1ecf_m.png",
      "store": "Barbora",
      "is_sale": false
    },
    "Makar.Penne rigate täist.LA MOLISANA500g": {
      "category": "Barbora:Pasta",
      "entries": [
        {
          "t": "2026-01-27T10:53:26.887629",
          "p": 1.35
        }
      ],
      "latest_price": 1.35,
      "price_per_unit": 2.7,
      "unit_label": "kg",
      "url": "https://barbora.ee/toode/makar-penne-rigate-taist-la-molisana-500-g",
      "img": "https://cdn.barbora.ee/products/15c33fc9-5d8d-4989-89f5-abfb3d4aa37c_m.png",
      "store": "Barbora",
      "is_sale": false
    },
    "Täist.mak.Mezzi Rig.nr32 LAMOLISANA 500g": {
      "category": "Barbora:Pasta",
      "entries": [
        {
          "t": "2026-01-27T10:53:26.887629",
          "p": 1.35
        }
      ],
      "latest_price": 1.35,
      "price_per_unit": 0.0421875,
      "unit_label": "kg",
      "url": "https://barbora.ee/toode/taist-mak-mezzi-rig-nr-32-lamolisana-500-g",
      "img": "https://cdn.barbora.ee/products/7f81da5d-eb56-4519-8f9c-4bb7281e4ef0_m.png",
      "store": "Barbora",
      "is_sale": false
    },
    "Kl.pesuved.SOLID BY KAUFTEC PRO -25°C 4L": {
      "category": "Barbora:Autokeemia",
      "entries": [
        {
          "t": "2026-01-27T21:37:05.317891",
          "p": 3.49
        }
      ],
      "latest_price": 3.49,
      "price_per_unit": 0.87,
      "unit_label": "kg",
      "url": "https://barbora.ee/toode/kl-pesuved-solid-by-kauftec-pro-25-c-4-l",
      "img": "https://cdn.barbora.ee/products/24ad1d81-fbd6-4342-a754-32b962eaaa22_m.png",
      "store": "Barbora",
      "is_sale": false
    },
    "Makaronid Canelloni LA MOLISANA 250g": {
      "category": "Barbora:Pasta",
      "entries": [
        {
          "t": "2026-01-27T21:37:05.317891",
          "p": 1.29
        }
      ],
      "latest_price": 1.29,
      "price_per_unit": 5.16,
      "unit_label": "kg",
      "url": "https://barbora.ee/toode/makaronid-canelloni-la-molisana-250-g",
      "img": "https://cdn.barbora.ee/products/0118c434-0c91-4718-a33f-9ea03c320bf4_m.png",
      "store": "Barbora",
      "is_sale": false
    },
    "Makar.Fusilli Integrali LA MOLISANA 500g": {
      "category": "Barbora:Pasta",
      "entries": [
        {
          "t": "2026-01-27T21:37:05.317891",
          "p": 1.19
        }
      ],
      "latest_price": 1.19,
      "price_per_unit": 2.38,
      "unit_label": "kg",
      "url": "https://barbora.ee/toode/makar-fusilli-integrali-la-molisana-500-g",
      "img": "https://cdn.barbora.ee/products/124eb708-e6ce-4b51-a086-4e0b448e09cb_m.png",
      "store": "Barbora",
      "is_sale": false
    },
    "Viin Baltic Vodka 40% 500ml": {
      "category": "Barbora:Viinad",
      "entries": [
        {
          "t": "2026-01-27T21:50:41.846263",
          "p": 6.79
        }
      ],
      "latest_price": 6.79,
      "price_per_unit": 13.58,
      "unit_label": "L",
      "url": "https://barbora.ee/toode/viin-baltic-vodka-40-proc-500-ml",
      "img": "https://cdn.barbora.ee/products/72ef6a77-d8cc-45ec-b273-b4831e32fc56_m.png",
      "store": "Barbora",
      "is_sale": false
    },
    "Viin HLIBNY DAR Classic 40% 1L": {
      "category": "Barbora:Viinad",
      "entries": [
        {
          "t": "2026-01-27T21:50:41.846263",
          "p": 15.99
        }
      ],
      "latest_price": 15.99,
      "price_per_unit": 15.99,
      "unit_label": "L",
      "url": "https://barbora.ee/toode/viin-hlibny-dar-classic-40-proc-1-l",
      "img": "https://cdn.barbora.ee/products/d77ac10e-8c78-4367-bac3-8f8ac1d90fae_m.png",
      "store": "Barbora",
      "is_sale": false
    },
    "Viin KOZATSKA RADA Klasichna 40% 500ml": {
      "category": "Barbora:Viinad",
      "entries": [
        {
          "t": "2026-01-27T21:50:41.846263",
          "p": 13.69
        }
      ],
      "latest_price": 13.69,
      "price_per_unit": 27.38,
      "unit_label": "L",
      "url": "https://barbora.ee/toode/viin-kozatska-rada-klasichna-40-proc-500-ml",
      "img": "https://cdn.barbora.ee/products/b260ba90-5519-46ed-bb1c-641ddc707cc8_m.png",
      "store": "Barbora",
      "is_sale": false
    },
    "Viin STUMBRAS Distinct W.Wheat 40% 500ml": {
      "category": "Barbora:Viinad",
      "entries": [
        {
          "t": "2026-01-27T21:50:41.846263",
          "p": 14.99
        }
      ],
      "latest_price": 14.99,
      "price_per_unit": 29.98,
      "unit_label": "L",
      "url": "https://barbora.ee/toode/viin-stumbras-distinct-w-wheat-40-proc-500-ml",
      "img": "https://cdn.barbora.ee/products/3c98dc6f-b60f-4eb9-bad3-b771d0cfbc09_m.png",
      "store": "Barbora",
      "is_sale": false
    },
    "Maits. viin ALMO Jõhvika 37.5%100ml": {
      "category": "Barbora:Viinad",
      "entries": [
        {
          "t": "2026-01-27T21:50:41.846263",
          "p": 2.49
        }
      ],
      "latest_price": 2.49,
      "price_per_unit": 24.9,
      "unit_label": "L",
      "url": "https://barbora.ee/toode/maits-viin-almo-johvika-37-5-proc-100-ml",
      "img": "https://cdn.barbora.ee/products/04ce0601-6200-43e1-82d9-b10c41afc2f7_m.png",
      "store": "Barbora",
      "is_sale": false
    },
    "Muu p.j. ALMO PipranapsMeega35%0.1l": {
      "category": "Barbora:Viinad",
      "entries": [
        {
          "t": "2026-01-27T21:50:41.846263",
          "p": 2.49
        }
      ],
      "latest_price": 2.49,
      "price_per_unit": 24.9,
      "unit_label": "L",
      "url": "https://barbora.ee/toode/muu-p-j-almo-pipranapsmeega-35-proc-0-1-l",
      "img": "https://cdn.barbora.ee/products/709ca8b3-36ec-4124-bafd-27182e874e70_m.png",
      "store": "Barbora",
      "is_sale": false
    },
    "Viin FINLANDIA Cranberry 37.5% 700ml": {
      "category": "Barbora:Viinad",
      "entries": [
        {
          "t": "2026-01-27T21:50:41.846263",
          "p": 21.69
        }
      ],
      "latest_price": 21.69,
      "price_per_unit": 30.99,
      "unit_label": "L",
      "url": "https://barbora.ee/toode/viin-finlandia-cranberry-37-5-proc-700-ml",
      "img": "https://cdn.barbora.ee/products/e7cbc598-c537-4459-a29c-ac953f5b6096_m.png",
      "store": "Barbora",
      "is_sale": false
    },
    "Viin PEREPJOLKA Classic 40% 500ml": {
      "category": "Barbora:Viinad",
      "entries": [
        {
          "t": "2026-01-27T21:50:41.846263",
          "p": 12.15
        }
      ],
      "latest_price": 12.15,
      "price_per_unit": 24.3,
      "unit_label": "L",
      "url": "https://barbora.ee/toode/viin-perepjolka-classic-40-proc-500-ml",
      "img": "https://cdn.barbora.ee/products/cb144293-2ec4-4c1b-8185-c609003ce305_m.png",
      "store": "Barbora",
      "is_sale": false
    },
    "Maits.viin PEREPJOLKA Domashn. 40% 500ml": {
      "category": "Barbora:Viinad",
      "entries": [
        {
          "t": "2026-01-27T21:50:41.846263",
          "p": 11.09
        }
      ],
      "latest_price": 11.09,
      "price_per_unit": 22.18,
      "unit_label": "L",
      "url": "https://barbora.ee/toode/maits-viin-perepjolka-domashn-40-proc-500-ml",
      "img": "https://cdn.barbora.ee/products/09016a8a-2f55-40a1-a2f0-61107296e21e_m.png",
      "store": "Barbora",
      "is_sale": false
    },
    "Viin PEREPJOLKA Carpathian 40% 500ml": {
      "category": "Barbora:Viinad",
      "entries": [
        {
          "t": "2026-01-27T21:50:41.846263",
          "p": 11.09
        }
      ],
      "latest_price": 11.09,
      "price_per_unit": 22.18,
      "unit_label": "L",
      "url": "https://barbora.ee/toode/viin-perepjolka-carpathian-40-proc-500-ml",
      "img": "https://cdn.barbora.ee/products/0fe1b7aa-6497-4691-a257-61fce621a4ae_m.png",
      "store": "Barbora",
      "is_sale": false
    },
    "Viin UKRAINKA 40% 500ml": {
      "category": "Barbora:Viinad",
      "entries": [
        {
          "t": "2026-01-27T21:50:41.846263",
          "p": 9.99
        }
      ],
      "latest_price": 9.99,
      "price_per_unit": 19.98,
      "unit_label": "L",
      "url": "https://barbora.ee/toode/viin-ukrainka-40-proc-500-ml",
      "img": "https://cdn.barbora.ee/products/ea3c3679-ff01-4230-8ad1-7f376483683e_m.png",
      "store": "Barbora",
      "is_sale": false
    },
    "Maits.viin UKRAINKA Mee-Pipra 40% 500ml": {
      "category": "Barbora:Viinad",
      "entries": [
        {
          "t": "2026-01-27T21:50:41.846263",
          "p": 12.89
        }
      ],
      "latest_price": 12.89,
      "price_per_unit": 25.78,
      "unit_label": "L",
      "url": "https://barbora.ee/toode/maits-viin-ukrainka-mee-pipra-40-proc-500-ml",
      "img": "https://cdn.barbora.ee/products/6b88c133-2ff3-4a90-a99c-69b64eb28670_m.png",
      "store": "Barbora",
      "is_sale": false
    },
    "Viin UKRAINKA Platinum 40% 500ml": {
      "category": "Barbora:Viinad",
      "entries": [
        {
          "t": "2026-01-27T21:50:41.846263",
          "p": 9.99
        }
      ],
      "latest_price": 9.99,
      "price_per_unit": 19.98,
      "unit_label": "L",
      "url": "https://barbora.ee/toode/viin-ukrainka-platinum-40-proc-500-ml",
      "img": "https://cdn.barbora.ee/products/32cea926-0fef-459e-bc7e-adcf834dbc59_m.png",
      "store": "Barbora",
      "is_sale": false
    },
    "Viin FINLANDIA Cranberry 37.5% 500ml": {
      "category": "Barbora:Viinad",
      "entries": [
        {
          "t": "2026-01-27T21:50:41.846263",
          "p": 16.85
        }
      ],
      "latest_price": 16.85,
      "price_per_unit": 33.7,
      "unit_label": "L",
      "url": "https://barbora.ee/toode/viin-finlandia-cranberry-37-5-proc-500-ml",
      "img": "https://cdn.barbora.ee/products/fa80621c-e05e-400a-82fe-bb3c0ba7a49a_m.png",
      "store": "Barbora",
      "is_sale": false
    },
    "Viin STARQJ KNJAZ 40% 200ml": {
      "category": "Barbora:Viinad",
      "entries": [
        {
          "t": "2026-01-27T21:50:41.846263",
          "p": 3.75
        }
      ],
      "latest_price": 3.75,
      "price_per_unit": 18.75,
      "unit_label": "L",
      "url": "https://barbora.ee/toode/viin-starqj-knjaz-40-proc-200-ml",
      "img": "https://cdn.barbora.ee/products/c143a38a-3c5d-4b0d-83a6-397aefde5315_m.png",
      "store": "Barbora",
      "is_sale": false
    },
    "Viin POOLIK 40% 500ml": {
      "category": "Barbora:Viinad",
      "entries": [
        {
          "t": "2026-01-27T21:50:41.846263",
          "p": 6.49
        }
      ],
      "latest_price": 6.49,
      "price_per_unit": 12.98,
      "unit_label": "L",
      "url": "https://barbora.ee/toode/viin-poolik-40-proc-500-ml",
      "img": "https://cdn.barbora.ee/products/1c2e9e9d-cdd9-4161-8465-7b86c3b71b96_m.png",
      "store": "Barbora",
      "is_sale": false
    },
    "Viin POOLIK 40% 200ml": {
      "category": "Barbora:Viinad",
      "entries": [
        {
          "t": "2026-01-27T21:50:41.846263",
          "p": 3.25
        }
      ],
      "latest_price": 3.25,
      "price_per_unit": 16.25,
      "unit_label": "L",
      "url": "https://barbora.ee/toode/viin-poolik-40-proc-200-ml",
      "img": "https://cdn.barbora.ee/products/c0bd2e19-5c41-4afd-bbd0-c7dab74be663_m.png",
      "store": "Barbora",
      "is_sale": false
    },
    "Viin FINLANDIA Redberry 37.5% 500ml": {
      "category": "Barbora:Viinad",
      "entries": [
        {
          "t": "2026-01-27T21:50:41.846263",
          "p": 16.85
        }
      ],
      "latest_price": 16.85,
      "price_per_unit": 33.7,
      "unit_label": "L",
      "url": "https://barbora.ee/toode/viin-finlandia-redberry-37-5-proc-500-ml",
      "img": "https://cdn.barbora.ee/products/172e4476-b272-41cb-ab27-a4d7a55c9ddb_m.png",
      "store": "Barbora",
      "is_sale": false
    },
    "Viin VIRU VALGE 40% 200ml": {
      "category": "Barbora:Viinad",
      "entries": [
        {
          "t": "2026-01-27T21:50:41.846263",
          "p": 5.29
        }
      ],
      "latest_price": 5.29,
      "price_per_unit": 26.45,
      "unit_label": "L",
      "url": "https://barbora.ee/toode/viin-viru-valge-40-proc-200-ml",
      "img": "https://cdn.barbora.ee/products/8fee98f2-a7e2-48bd-84f6-23c1e595b668_m.png",
      "store": "Barbora",
      "is_sale": false
    },
    "Viin PEREPJOLKA Classic 40% 700ml": {
      "category": "Barbora:Viinad",
      "entries": [
        {
          "t": "2026-01-27T21:50:41.846263",
          "p": 10.99
        }
      ],
      "latest_price": 10.99,
      "price_per_unit": 15.7,
      "unit_label": "L",
      "url": "https://barbora.ee/toode/viin-perepjolka-classic-40-proc-700-ml",
      "img": "https://cdn.barbora.ee/products/1ab49431-55b7-4f63-a515-b0be614fbc3b_m.png",
      "store": "Barbora",
      "is_sale": false
    },
    "Viin STARIJ DRUZHE 40% 500ml": {
      "category": "Barbora:Viinad",
      "entries": [
        {
          "t": "2026-01-27T21:50:41.846263",
          "p": 6.99
        }
      ],
      "latest_price": 6.99,
      "price_per_unit": 13.98,
      "unit_label": "L",
      "url": "https://barbora.ee/toode/viin-starij-druzhe-40-proc-500-ml",
      "img": "https://cdn.barbora.ee/products/28e73ef6-e60a-461b-97e6-19a7fa9a5762_m.png",
      "store": "Barbora",
      "is_sale": false
    },
    "Maits. viin STUMBRAS Cranberry 40% 500ml": {
      "category": "Barbora:Viinad",
      "entries": [
        {
          "t": "2026-01-27T21:50:41.846263",
          "p": 9.49
        }
      ],
      "latest_price": 9.49,
      "price_per_unit": 18.98,
      "unit_label": "L",
      "url": "https://barbora.ee/toode/maits-viin-stumbras-cranberry-40-proc-500-ml",
      "img": "https://cdn.barbora.ee/products/f0b1050f-d523-48da-979d-8079e738b84e_m.png",
      "store": "Barbora",
      "is_sale": false
    },
    "Viin FINLANDIA Blackcurrant 37.5% 500ml": {
      "category": "Barbora:Viinad",
      "entries": [
        {
          "t": "2026-01-27T21:50:41.846263",
          "p": 16.85
        }
      ],
      "latest_price": 16.85,
      "price_per_unit": 33.7,
      "unit_label": "L",
      "url": "https://barbora.ee/toode/viin-finlandia-blackcurrant-37-5-proc-500-ml",
      "img": "https://cdn.barbora.ee/products/994b5ebb-3761-40c9-8c1f-2fe5af147415_m.png",
      "store": "Barbora",
      "is_sale": false
    },
    "Viin HÕBE 39.2% 700ml": {
      "category": "Barbora:Viinad",
      "entries": [
        {
          "t": "2026-01-27T21:50:41.846263",
          "p": 14.99
        }
      ],
      "latest_price": 14.99,
      "price_per_unit": 21.41,
      "unit_label": "L",
      "url": "https://barbora.ee/toode/viin-hobe-39-2-proc-700-ml",
      "img": "https://cdn.barbora.ee/products/a6c242c1-81bb-4feb-98cd-7f9700cd3a48_m.png",
      "store": "Barbora",
      "is_sale": false
    },
    "Viin ZUBROWKA Biala 40% 700ml": {
      "category": "Barbora:Viinad",
      "entries": [
        {
          "t": "2026-01-27T21:50:41.846263",
          "p": 12.99
        }
      ],
      "latest_price": 12.99,
      "price_per_unit": 18.56,
      "unit_label": "L",
      "url": "https://barbora.ee/toode/viin-zubrowka-biala-40-proc-700-ml",
      "img": "https://cdn.barbora.ee/products/cfd92b90-0d24-4dd9-819d-78413b50c021_m.png",
      "store": "Barbora",
      "is_sale": false
    },
    "Viin ZUBROWKA Biala 40% 1l": {
      "category": "Barbora:Viinad",
      "entries": [
        {
          "t": "2026-01-27T21:50:41.846263",
          "p": 29.09
        }
      ],
      "latest_price": 29.09,
      "price_per_unit": 29.09,
      "unit_label": "L",
      "url": "https://barbora.ee/toode/viin-zubrowka-biala-40-proc-1-l",
      "img": "https://cdn.barbora.ee/products/5fc25ce4-a22a-4f1f-8aa2-f1151733b148_m.png",
      "store": "Barbora",
      "is_sale": false
    },
    "Viin STARIJ TRAKTIR 40% 500ml": {
      "category": "Barbora:Viinad",
      "entries": [
        {
          "t": "2026-01-27T21:50:41.846263",
          "p": 12.45
        }
      ],
      "latest_price": 12.45,
      "price_per_unit": 24.9,
      "unit_label": "L",
      "url": "https://barbora.ee/toode/viin-starij-traktir-40-proc-500-ml",
      "img": "https://cdn.barbora.ee/products/7c976132-032a-4619-b8d5-2b7e842c3f46_m.png",
      "store": "Barbora",
      "is_sale": false
    },
    "Viin STARIJ TRAKTIR percovaja 40% 500ml": {
      "category": "Barbora:Viinad",
      "entries": [
        {
          "t": "2026-01-27T21:50:41.846263",
          "p": 12.45
        }
      ],
      "latest_price": 12.45,
      "price_per_unit": 24.9,
      "unit_label": "L",
      "url": "https://barbora.ee/toode/viin-starij-traktir-percovaja-40-proc-500-ml",
      "img": "https://cdn.barbora.ee/products/fc56b1f8-7f26-48d7-84d6-f342df37f218_m.png",
      "store": "Barbora",
      "is_sale": false
    },
    "Maits.Viin ZUBROWKA Bis.Grass 37.5% 0.5L": {
      "category": "Barbora:Viinad",
      "entries": [
        {
          "t": "2026-01-27T21:50:41.846263",
          "p": 8.99
        }
      ],
      "latest_price": 8.99,
      "price_per_unit": 17.98,
      "unit_label": "L",
      "url": "https://barbora.ee/toode/maits-viin-zubrowka-bis-grass-37-5-proc-0-5-l",
      "img": "https://cdn.barbora.ee/products/1b3003e7-fb39-4909-8522-4d43effe43ad_m.png",
      "store": "Barbora",
      "is_sale": false
    },
    "Viin VECHIRNJA CHARKA Birch 40% 500ml": {
      "category": "Barbora:Viinad",
      "entries": [
        {
          "t": "2026-01-27T21:50:41.846263",
          "p": 12.79
        }
      ],
      "latest_price": 12.79,
      "price_per_unit": 25.58,
      "unit_label": "L",
      "url": "https://barbora.ee/toode/viin-vechirnja-charka-birch-40-proc-500-ml",
      "img": "https://cdn.barbora.ee/products/c1b22faa-3e3b-4f53-bb26-3d490a11b6f2_m.png",
      "store": "Barbora",
      "is_sale": false
    },
    "Viin BELVEDERE Pure 40% 700ml": {
      "category": "Barbora:Viinad",
      "entries": [
        {
          "t": "2026-01-27T21:50:41.846263",
          "p": 34.99
        }
      ],
      "latest_price": 34.99,
      "price_per_unit": 49.99,
      "unit_label": "L",
      "url": "https://barbora.ee/toode/viin-belvedere-pure-40-proc-700-ml",
      "img": "https://cdn.barbora.ee/products/149866bd-a66a-492a-9af3-e7f207a93964_m.png",
      "store": "Barbora",
      "is_sale": false
    },
    "Viin PSHENICHNAJA 40% 0.35L": {
      "category": "Barbora:Viinad",
      "entries": [
        {
          "t": "2026-01-27T21:50:41.846263",
          "p": 8.75
        }
      ],
      "latest_price": 8.75,
      "price_per_unit": 25.0,
      "unit_label": "L",
      "url": "https://barbora.ee/toode/viin-pshenichnaja-40-proc-0-35-l",
      "img": "https://cdn.barbora.ee/products/401cb3ee-0614-4c6f-a564-eb4b88475b23_m.png",
      "store": "Barbora",
      "is_sale": false
    },
    "Maits.viin Jõhvika viin 37.5% 100ml tops": {
      "category": "Barbora:Viinad",
      "entries": [
        {
          "t": "2026-01-27T21:50:41.846263",
          "p": 2.79
        }
      ],
      "latest_price": 2.79,
      "price_per_unit": 27.9,
      "unit_label": "L",
      "url": "https://barbora.ee/toode/maits-viin-johvika-viin-37-5-proc-100-ml-tops",
      "img": "https://cdn.barbora.ee/products/232d0aa8-17cb-4db4-bdcb-f5d17fa6ff48_m.png",
      "store": "Barbora",
      "is_sale": false
    },
    "Viin HÕBE Mahe 39.2% 700ml": {
      "category": "Barbora:Viinad",
      "entries": [
        {
          "t": "2026-01-27T21:50:41.846263",
          "p": 24.19
        }
      ],
      "latest_price": 24.19,
      "price_per_unit": 34.56,
      "unit_label": "L",
      "url": "https://barbora.ee/toode/viin-hobe-mahe-39-2-proc-700-ml",
      "img": "https://cdn.barbora.ee/products/c184b8b4-1600-4d2e-a67e-d93a58ba6ac3_m.png",
      "store": "Barbora",
      "is_sale": false
    },
    "Maits. viin ABSOLUT Lime 40% 700ml": {
      "category": "Barbora:Viinad",
      "entries": [
        {
          "t": "2026-01-27T21:50:41.846263",
          "p": 16.99
        }
      ],
      "latest_price": 16.99,
      "price_per_unit": 24.27,
      "unit_label": "L",
      "url": "https://barbora.ee/toode/maits-viin-absolut-lime-40-proc-700-ml",
      "img": "https://cdn.barbora.ee/products/0d2a7db5-e199-43e9-a1c3-2b6e0bd48c77_m.png",
      "store": "Barbora",
      "is_sale": false
    },
    "Viin HLIBNY DAR Ginger-Honey 40% 500ml": {
      "category": "Barbora:Viinad",
      "entries": [
        {
          "t": "2026-01-27T21:50:41.846263",
          "p": 13.49
        }
      ],
      "latest_price": 13.49,
      "price_per_unit": 26.98,
      "unit_label": "L",
      "url": "https://barbora.ee/toode/viin-hlibny-dar-ginger-honey-40-proc-500-ml",
      "img": "https://cdn.barbora.ee/products/184c8ac6-c6cf-415a-b185-38709364bb2e_m.png",
      "store": "Barbora",
      "is_sale": false
    },
    "Viin HLIBNY DAR Pr.Craft Corn 40% 500ml": {
      "category": "Barbora:Viinad",
      "entries": [
        {
          "t": "2026-01-27T21:50:41.846263",
          "p": 13.49
        }
      ],
      "latest_price": 13.49,
      "price_per_unit": 26.98,
      "unit_label": "L",
      "url": "https://barbora.ee/toode/viin-hlibny-dar-pr-craft-corn-40-proc-500-ml",
      "img": "https://cdn.barbora.ee/products/e92eb8e6-7de2-4da2-82c2-f77949594f27_m.png",
      "store": "Barbora",
      "is_sale": false
    },
    "Viin KETEL ONE 40% 700ml": {
      "category": "Barbora:Viinad",
      "entries": [
        {
          "t": "2026-01-27T21:50:41.846263",
          "p": 24.99
        }
      ],
      "latest_price": 24.99,
      "price_per_unit": 35.7,
      "unit_label": "L",
      "url": "https://barbora.ee/toode/viin-ketel-one-40-proc-700-ml",
      "img": "https://cdn.barbora.ee/products/a3e2ea16-99f1-43db-9ee1-82973653458e_m.png",
      "store": "Barbora",
      "is_sale": false
    },
    "Viin STUMBRAS Ebaküdoonia 40% 0.5l": {
      "category": "Barbora:Viinad",
      "entries": [
        {
          "t": "2026-01-27T21:50:41.846263",
          "p": 14.99
        }
      ],
      "latest_price": 14.99,
      "price_per_unit": 29.98,
      "unit_label": "L",
      "url": "https://barbora.ee/toode/viin-stumbras-ebakudoonia-40-proc-0-5-l",
      "img": "https://cdn.barbora.ee/products/80109030-ff39-4f2f-86fa-907cfb2fd923_m.png",
      "store": "Barbora",
      "is_sale": false
    },
    "Viin STUMBRAS Raspberry 40% 500ml": {
      "category": "Barbora:Viinad",
      "entries": [
        {
          "t": "2026-01-27T21:50:41.846263",
          "p": 14.99
        }
      ],
      "latest_price": 14.99,
      "price_per_unit": 29.98,
      "unit_label": "L",
      "url": "https://barbora.ee/toode/viin-stumbras-raspberry-40-proc-500-ml",
      "img": "https://cdn.barbora.ee/products/bb5e62b4-441c-406f-a35f-b93a4f19c2c3_m.png",
      "store": "Barbora",
      "is_sale": false
    },
    "Viin LAUA 40% 100ml Pet": {
      "category": "Barbora:Viinad",
      "entries": [
        {
          "t": "2026-01-27T21:50:41.846263",
          "p": 2.49
        }
      ],
      "latest_price": 2.49,
      "price_per_unit": 24.9,
      "unit_label": "L",
      "url": "https://barbora.ee/toode/viin-laua-40-proc-100-ml-pet",
      "img": "https://cdn.barbora.ee/products/84b99ad0-1511-479b-9732-16188bd2770a_m.png",
      "store": "Barbora",
      "is_sale": false
    },
    "Viin VALGE VIIN 40% 200ml": {
      "category": "Barbora:Viinad",
      "entries": [
        {
          "t": "2026-01-27T21:50:41.846263",
          "p": 4.35
        }
      ],
      "latest_price": 4.35,
      "price_per_unit": 21.75,
      "unit_label": "L",
      "url": "https://barbora.ee/toode/viin-valge-viin-40-proc-200-ml",
      "img": "https://cdn.barbora.ee/products/e23034f3-2478-4edd-a2a4-d7a53fa24c8a_m.png",
      "store": "Barbora",
      "is_sale": false
    },
    "Viin REYKA 40% 700ml": {
      "category": "Barbora:Viinad",
      "entries": [
        {
          "t": "2026-01-27T21:50:41.846263",
          "p": 33.75
        }
      ],
      "latest_price": 33.75,
      "price_per_unit": 48.21,
      "unit_label": "L",
      "url": "https://barbora.ee/toode/viin-reyka-40-proc-700-ml",
      "img": "https://cdn.barbora.ee/products/2a430066-fceb-4cca-9476-8f9fb808c8a5_m.png",
      "store": "Barbora",
      "is_sale": false
    },
    "Viin KOSKENKORVA 40% 500ml": {
      "category": "Barbora:Viinad",
      "entries": [
        {
          "t": "2026-01-27T21:50:41.846263",
          "p": 10.79
        }
      ],
      "latest_price": 10.79,
      "price_per_unit": 21.58,
      "unit_label": "L",
      "url": "https://barbora.ee/toode/viin-koskenkorva-40-proc-500-ml",
      "img": "https://cdn.barbora.ee/products/a641ce1b-09b4-4ce4-af16-154ba1982bc4_m.png",
      "store": "Barbora",
      "is_sale": false
    },
    "Viin VIRU VALGE Green Apple 37,5% 500ml": {
      "category": "Barbora:Viinad",
      "entries": [
        {
          "t": "2026-01-27T21:50:41.846263",
          "p": 11.69
        }
      ],
      "latest_price": 11.69,
      "price_per_unit": 23.38,
      "unit_label": "L",
      "url": "https://barbora.ee/toode/viin-viru-valge-green-apple-37-5-proc-500-ml",
      "img": "https://cdn.barbora.ee/products/cb51e792-141c-46ab-a0a4-92275075a14a_m.png",
      "store": "Barbora",
      "is_sale": false
    },
    "Maits.viin VIRU VALGE Waterm. 37,5%500ml": {
      "category": "Barbora:Viinad",
      "entries": [
        {
          "t": "2026-01-27T21:50:41.846263",
          "p": 11.79
        }
      ],
      "latest_price": 11.79,
      "price_per_unit": 23.58,
      "unit_label": "L",
      "url": "https://barbora.ee/toode/maits-viin-viru-valge-waterm-37-5-proc-500-ml",
      "img": "https://cdn.barbora.ee/products/56a92bb1-2d04-4383-9dbc-8cd384b45dda_m.png",
      "store": "Barbora",
      "is_sale": false
    },
    "Viin VIRU VALGE Cranberry 37,5% 500ml": {
      "category": "Barbora:Viinad",
      "entries": [
        {
          "t": "2026-01-27T21:50:41.846263",
          "p": 11.75
        }
      ],
      "latest_price": 11.75,
      "price_per_unit": 23.5,
      "unit_label": "L",
      "url": "https://barbora.ee/toode/viin-viru-valge-cranberry-37-5-proc-500-ml",
      "img": "https://cdn.barbora.ee/products/a270b0a3-c955-4211-b24f-c74df98de005_m.png",
      "store": "Barbora",
      "is_sale": false
    },
    "Viin POOLIK 40% 100ml": {
      "category": "Barbora:Viinad",
      "entries": [
        {
          "t": "2026-01-27T21:50:41.846263",
          "p": 1.99
        }
      ],
      "latest_price": 1.99,
      "price_per_unit": 19.9,
      "unit_label": "L",
      "url": "https://barbora.ee/toode/viin-poolik-40-proc-100-ml",
      "img": "https://cdn.barbora.ee/products/65124c10-ac17-4b99-a964-a8e3adc98518_m.png",
      "store": "Barbora",
      "is_sale": false
    },
    "Viin VECHIRNJA CHARKA Milk 40% 0.7l": {
      "category": "Barbora:Viinad",
      "entries": [
        {
          "t": "2026-01-27T21:50:41.846263",
          "p": 19.99
        }
      ],
      "latest_price": 19.99,
      "price_per_unit": 28.56,
      "unit_label": "L",
      "url": "https://barbora.ee/toode/viin-vechirnja-charka-milk-40-proc-0-7-l",
      "img": "https://cdn.barbora.ee/products/f59a97cc-7420-49be-96a2-bb1d089e38b5_m.png",
      "store": "Barbora",
      "is_sale": false
    },
    "Viin HÕBE 39.2% 700ml tuubis": {
      "category": "Barbora:Viinad",
      "entries": [
        {
          "t": "2026-01-27T21:50:41.846263",
          "p": 24.99
        }
      ],
      "latest_price": 24.99,
      "price_per_unit": 35.7,
      "unit_label": "L",
      "url": "https://barbora.ee/toode/viin-hobe-39-2-proc-700-ml-tuubis",
      "img": "https://cdn.barbora.ee/products/5d40df8d-7de6-466f-8c59-e186871097fa_m.png",
      "store": "Barbora",
      "is_sale": false
    },
    "Viin STUMBRAS Cranberry 40% 700ml": {
      "category": "Barbora:Viinad",
      "entries": [
        {
          "t": "2026-01-27T21:50:41.846263",
          "p": 13.99
        }
      ],
      "latest_price": 13.99,
      "price_per_unit": 19.99,
      "unit_label": "L",
      "url": "https://barbora.ee/toode/viin-stumbras-cranberry-40-proc-700-ml",
      "img": "https://cdn.barbora.ee/products/9e656ca1-3805-4d40-a768-702576df397b_m.png",
      "store": "Barbora",
      "is_sale": false
    },
    "Viin POOLIK 40%700 ml": {
      "category": "Barbora:Viinad",
      "entries": [
        {
          "t": "2026-01-27T21:50:41.846263",
          "p": 9.99
        }
      ],
      "latest_price": 9.99,
      "price_per_unit": 14.27,
      "unit_label": "L",
      "url": "https://barbora.ee/toode/viin-poolik-40-proc-700-ml",
      "img": "https://cdn.barbora.ee/products/4ab9fc8a-af0b-4f2f-8c0d-ecfa8e3409db_m.png",
      "store": "Barbora",
      "is_sale": false
    },
    "Viin POOLIK 40% 1L": {
      "category": "Barbora:Viinad",
      "entries": [
        {
          "t": "2026-01-27T21:50:41.846263",
          "p": 13.99
        }
      ],
      "latest_price": 13.99,
      "price_per_unit": 13.99,
      "unit_label": "L",
      "url": "https://barbora.ee/toode/viin-poolik-40-proc-1-l",
      "img": "https://cdn.barbora.ee/products/1ff1a203-f131-4125-bc56-7b8d5191e406_m.png",
      "store": "Barbora",
      "is_sale": false
    },
    "Viin STUMBRAS Jõhvikas 40% 200ml": {
      "category": "Barbora:Viinad",
      "entries": [
        {
          "t": "2026-01-27T21:50:41.846263",
          "p": 6.19
        }
      ],
      "latest_price": 6.19,
      "price_per_unit": 30.95,
      "unit_label": "L",
      "url": "https://barbora.ee/toode/viin-stumbras-johvikas-40-proc-200-ml",
      "img": "https://cdn.barbora.ee/products/9ce77cdb-84a7-4642-9c6b-4c0f43a3f1b2_m.png",
      "store": "Barbora",
      "is_sale": false
    },
    "Viin STUMBRAS Pähkel 40% 0.5l": {
      "category": "Barbora:Viinad",
      "entries": [
        {
          "t": "2026-01-27T21:50:41.846263",
          "p": 14.69
        }
      ],
      "latest_price": 14.69,
      "price_per_unit": 29.38,
      "unit_label": "L",
      "url": "https://barbora.ee/toode/viin-stumbras-pahkel-40-proc-0-5-l",
      "img": "https://cdn.barbora.ee/products/7d61f165-683f-4b7d-b65f-14292fb6ec5e_m.png",
      "store": "Barbora",
      "is_sale": false
    },
    "Viin KOZATSKA RADA Osobliva 40% 500ml": {
      "category": "Barbora:Viinad",
      "entries": [
        {
          "t": "2026-01-27T21:50:41.846263",
          "p": 13.69
        }
      ],
      "latest_price": 13.69,
      "price_per_unit": 27.38,
      "unit_label": "L",
      "url": "https://barbora.ee/toode/viin-kozatska-rada-osobliva-40-proc-500-ml",
      "img": "https://cdn.barbora.ee/products/23abb1f0-b84c-49c4-b4bf-a11806645c42_m.png",
      "store": "Barbora",
      "is_sale": false
    },
    "Viin KOZATSKA RADA Klasichna 40% 700ml": {
      "category": "Barbora:Viinad",
      "entries": [
        {
          "t": "2026-01-27T21:50:41.846263",
          "p": 11.99
        }
      ],
      "latest_price": 11.99,
      "price_per_unit": 17.13,
      "unit_label": "L",
      "url": "https://barbora.ee/toode/viin-kozatska-rada-klasichna-40-proc-700-ml",
      "img": "https://cdn.barbora.ee/products/68e0296b-f4d8-4d59-9661-68c23ca3af10_m.png",
      "store": "Barbora",
      "is_sale": false
    },
    "Viin KOZATSKA RADA Osobliva 40% 700ml": {
      "category": "Barbora:Viinad",
      "entries": [
        {
          "t": "2026-01-27T21:50:41.846263",
          "p": 11.99
        }
      ],
      "latest_price": 11.99,
      "price_per_unit": 17.13,
      "unit_label": "L",
      "url": "https://barbora.ee/toode/viin-kozatska-rada-osobliva-40-proc-700-ml",
      "img": "https://cdn.barbora.ee/products/33138cc2-c3c2-4eed-ab69-bdeb6b21a19d_m.png",
      "store": "Barbora",
      "is_sale": false
    },
    "Viin ABSOLUT Elyx 42.3% 700ml": {
      "category": "Barbora:Viinad",
      "entries": [
        {
          "t": "2026-01-27T21:50:41.846263",
          "p": 38.99
        }
      ],
      "latest_price": 38.99,
      "price_per_unit": 55.7,
      "unit_label": "L",
      "url": "https://barbora.ee/toode/viin-absolut-elyx-42-3-proc-700-ml",
      "img": "https://cdn.barbora.ee/products/38ac81ee-9781-4d23-b000-f3dd22eb534c_m.png",
      "store": "Barbora",
      "is_sale": false
    },
    "Viin GRADUS 40% 500ml": {
      "category": "Barbora:Viinad",
      "entries": [
        {
          "t": "2026-01-27T21:50:41.846263",
          "p": 11.99
        }
      ],
      "latest_price": 11.99,
      "price_per_unit": 23.98,
      "unit_label": "L",
      "url": "https://barbora.ee/toode/viin-gradus-40-proc-500-ml",
      "img": "https://cdn.barbora.ee/products/1cc63872-b02e-4823-8344-a61e4ea979c1_m.png",
      "store": "Barbora",
      "is_sale": false
    },
    "Viin GRADUS 40% 700ml": {
      "category": "Barbora:Viinad",
      "entries": [
        {
          "t": "2026-01-27T21:50:41.846263",
          "p": 15.99
        }
      ],
      "latest_price": 15.99,
      "price_per_unit": 22.84,
      "unit_label": "L",
      "url": "https://barbora.ee/toode/viin-gradus-40-proc-700-ml",
      "img": "https://cdn.barbora.ee/products/f60a1581-f820-46db-81ce-213e0c643479_m.png",
      "store": "Barbora",
      "is_sale": false
    },
    "Viin ABSOLUT Watermelon 38% 700ml": {
      "category": "Barbora:Viinad",
      "entries": [
        {
          "t": "2026-01-27T21:50:41.846263",
          "p": 16.99
        }
      ],
      "latest_price": 16.99,
      "price_per_unit": 24.27,
      "unit_label": "L",
      "url": "https://barbora.ee/toode/viin-absolut-watermelon-38-proc-700-ml",
      "img": "https://cdn.barbora.ee/products/3ca2aac9-1dfb-4172-affb-15abd6e42e48_m.png",
      "store": "Barbora",
      "is_sale": false
    },
    "Viin HEKLA 40% 700ml": {
      "category": "Barbora:Viinad",
      "entries": [
        {
          "t": "2026-01-27T21:50:41.846263",
          "p": 10.99
        }
      ],
      "latest_price": 10.99,
      "price_per_unit": 15.7,
      "unit_label": "L",
      "url": "https://barbora.ee/toode/viin-hekla-40-proc-700-ml",
      "img": "https://cdn.barbora.ee/products/51016f80-6ebe-4b6e-8669-48d7982f8fb2_m.png",
      "store": "Barbora",
      "is_sale": false
    },
    "Viin GRADUS 40% 1l": {
      "category": "Barbora:Viinad",
      "entries": [
        {
          "t": "2026-01-27T21:50:41.846263",
          "p": 22.49
        }
      ],
      "latest_price": 22.49,
      "price_per_unit": 22.49,
      "unit_label": "L",
      "url": "https://barbora.ee/toode/viin-gradus-40-proc-1-l",
      "img": "https://cdn.barbora.ee/products/945cf254-30d2-4f69-8800-118af4706774_m.png",
      "store": "Barbora",
      "is_sale": false
    },
    "Viin MOROSHA Spring 40% 500ml": {
      "category": "Barbora:Viinad",
      "entries": [
        {
          "t": "2026-01-27T21:50:41.846263",
          "p": 13.79
        }
      ],
      "latest_price": 13.79,
      "price_per_unit": 27.58,
      "unit_label": "L",
      "url": "https://barbora.ee/toode/viin-morosha-spring-40-proc-500-ml",
      "img": "https://cdn.barbora.ee/products/1b439e62-fbbf-4bd0-9d74-a34b507c35f6_m.png",
      "store": "Barbora",
      "is_sale": false
    },
    "Viin MOROSHA Spring 40% 700ml": {
      "category": "Barbora:Viinad",
      "entries": [
        {
          "t": "2026-01-27T21:50:41.846263",
          "p": 18.59
        }
      ],
      "latest_price": 18.59,
      "price_per_unit": 26.56,
      "unit_label": "L",
      "url": "https://barbora.ee/toode/viin-morosha-spring-40-proc-700-ml",
      "img": "https://cdn.barbora.ee/products/78e46645-5fb3-43b8-a4c7-3f44fab0d769_m.png",
      "store": "Barbora",
      "is_sale": false
    },
    "Viin UKRAINKA Platinum 40% 700ml": {
      "category": "Barbora:Viinad",
      "entries": [
        {
          "t": "2026-01-27T21:50:41.846263",
          "p": 13.99
        }
      ],
      "latest_price": 13.99,
      "price_per_unit": 19.99,
      "unit_label": "L",
      "url": "https://barbora.ee/toode/viin-ukrainka-platinum-40-proc-700-ml",
      "img": "https://cdn.barbora.ee/products/1877f55b-5193-4200-ba15-ab63713a122d_m.png",
      "store": "Barbora",
      "is_sale": false
    },
    "Viin UKRAINKA 40% 700ml": {
      "category": "Barbora:Viinad",
      "entries": [
        {
          "t": "2026-01-27T21:50:41.846263",
          "p": 18.59
        }
      ],
      "latest_price": 18.59,
      "price_per_unit": 26.56,
      "unit_label": "L",
      "url": "https://barbora.ee/toode/viin-ukrainka-40-proc-700-ml",
      "img": "https://cdn.barbora.ee/products/7bde00e5-5944-44f2-8eab-d1a815f2ac85_m.png",
      "store": "Barbora",
      "is_sale": false
    },
    "Maits. viin STUMBRAS Pipar 40% 0.5l": {
      "category": "Barbora:Viinad",
      "entries": [
        {
          "t": "2026-01-27T21:50:41.846263",
          "p": 14.99
        }
      ],
      "latest_price": 14.99,
      "price_per_unit": 29.98,
      "unit_label": "L",
      "url": "https://barbora.ee/toode/maits-viin-stumbras-pipar-40-proc-0-5-l",
      "img": "https://cdn.barbora.ee/products/6d855b32-1943-4819-9b6a-6dd2e64fef9e_m.png",
      "store": "Barbora",
      "is_sale": false
    },
    "Viin KHORTYTSA Platinum 40% 700ml": {
      "category": "Barbora:Viinad",
      "entries": [
        {
          "t": "2026-01-27T21:50:41.846263",
          "p": 12.99
        }
      ],
      "latest_price": 12.99,
      "price_per_unit": 18.55,
      "unit_label": "L",
      "url": "https://barbora.ee/toode/viin-khortytsa-platinum-40-proc-700-ml",
      "img": "https://cdn.barbora.ee/products/9c8d3fb5-1b98-42dd-9c19-9fe1f929d884_m.png",
      "store": "Barbora",
      "is_sale": false
    },
    "Viin KHORTYTSA Platinum 40% 500ml": {
      "category": "Barbora:Viinad",
      "entries": [
        {
          "t": "2026-01-27T21:50:41.846263",
          "p": 9.49
        }
      ],
      "latest_price": 9.49,
      "price_per_unit": 18.98,
      "unit_label": "L",
      "url": "https://barbora.ee/toode/viin-khortytsa-platinum-40-proc-500-ml",
      "img": "https://cdn.barbora.ee/products/3d813d79-9d2d-4859-8065-731239e518fc_m.png",
      "store": "Barbora",
      "is_sale": false
    },
    "Viin MOSKO 40% 500ml": {
      "category": "Barbora:Viinad",
      "entries": [
        {
          "t": "2026-01-27T21:50:41.846263",
          "p": 12.49
        }
      ],
      "latest_price": 12.49,
      "price_per_unit": 24.98,
      "unit_label": "L",
      "url": "https://barbora.ee/toode/viin-mosko-40-proc-500-ml",
      "img": "https://cdn.barbora.ee/products/acc0a9f9-d499-4ceb-8528-012580cb227c_m.png",
      "store": "Barbora",
      "is_sale": false
    },
    "Viin MOSKO 40% 700ml": {
      "category": "Barbora:Viinad",
      "entries": [
        {
          "t": "2026-01-27T21:50:41.846263",
          "p": 18.29
        }
      ],
      "latest_price": 18.29,
      "price_per_unit": 26.13,
      "unit_label": "L",
      "url": "https://barbora.ee/toode/viin-mosko-40-proc-700-ml",
      "img": "https://cdn.barbora.ee/products/8311621e-7796-4dbe-9884-3c3eaf2e00dc_m.png",
      "store": "Barbora",
      "is_sale": false
    },
    "Viin MOSKO 40% 200ml": {
      "category": "Barbora:Viinad",
      "entries": [
        {
          "t": "2026-01-27T21:50:41.846263",
          "p": 5.99
        }
      ],
      "latest_price": 5.99,
      "price_per_unit": 29.95,
      "unit_label": "L",
      "url": "https://barbora.ee/toode/viin-mosko-40-proc-200-ml",
      "img": "https://cdn.barbora.ee/products/146fc6d0-cac8-4b6b-aea6-ed4d38de9ec9_m.png",
      "store": "Barbora",
      "is_sale": false
    },
    "Viin PEREPJOLKA Molochna 40% 700ml": {
      "category": "Barbora:Viinad",
      "entries": [
        {
          "t": "2026-01-27T21:50:41.846263",
          "p": 10.99
        }
      ],
      "latest_price": 10.99,
      "price_per_unit": 15.7,
      "unit_label": "L",
      "url": "https://barbora.ee/toode/viin-perepjolka-molochna-40-proc-700-ml",
      "img": "https://cdn.barbora.ee/products/786dafeb-7f97-4235-b0f3-4cc8aeb17902_m.png",
      "store": "Barbora",
      "is_sale": false
    },
    "Viin VODKA HUNDIJALA VESI 40% 0.5l": {
      "category": "Barbora:Viinad",
      "entries": [
        {
          "t": "2026-01-27T21:50:41.846263",
          "p": 8.49
        }
      ],
      "latest_price": 8.49,
      "price_per_unit": 16.98,
      "unit_label": "L",
      "url": "https://barbora.ee/toode/viin-vodka-hundijala-vesi-40-proc-0-5-l",
      "img": "https://cdn.barbora.ee/products/65a326ab-7456-4191-8bce-ba4566babd67_m.png",
      "store": "Barbora",
      "is_sale": false
    },
    "Viin Puhas 40% 0.5l": {
      "category": "Barbora:Viinad",
      "entries": [
        {
          "t": "2026-01-27T21:50:41.846263",
          "p": 8.59
        }
      ],
      "latest_price": 8.59,
      "price_per_unit": 17.18,
      "unit_label": "L",
      "url": "https://barbora.ee/toode/viin-puhas-40-proc-0-5-l",
      "img": "https://cdn.barbora.ee/products/0914d3e2-fa7e-455e-b838-b46e864c3d6d_m.png",
      "store": "Barbora",
      "is_sale": false
    },
    "Viin TALU VIIN 40% 0.5l": {
      "category": "Barbora:Viinad",
      "entries": [
        {
          "t": "2026-01-27T21:50:41.846263",
          "p": 8.89
        }
      ],
      "latest_price": 8.89,
      "price_per_unit": 17.78,
      "unit_label": "L",
      "url": "https://barbora.ee/toode/viin-talu-viin-40-proc-0-5-l",
      "img": "https://cdn.barbora.ee/products/ac45ae21-4829-44b5-a989-c56e9aa0f8a8_m.png",
      "store": "Barbora",
      "is_sale": false
    },
    "Viin KHORTYTSA Classic 40% 500ml": {
      "category": "Barbora:Viinad",
      "entries": [
        {
          "t": "2026-01-27T21:50:41.846263",
          "p": 9.49
        }
      ],
      "latest_price": 9.49,
      "price_per_unit": 18.98,
      "unit_label": "L",
      "url": "https://barbora.ee/toode/viin-khortytsa-classic-40-proc-500-ml",
      "img": "https://cdn.barbora.ee/products/25faf1fb-d16e-460b-89b6-c7ebe3d39f47_m.png",
      "store": "Barbora",
      "is_sale": false
    },
    "Viin MOROSHA Carpathian 40% 700ml": {
      "category": "Barbora:Viinad",
      "entries": [
        {
          "t": "2026-01-27T21:50:41.846263",
          "p": 18.59
        }
      ],
      "latest_price": 18.59,
      "price_per_unit": 26.56,
      "unit_label": "L",
      "url": "https://barbora.ee/toode/viin-morosha-carpathian-40-proc-700-ml",
      "img": "https://cdn.barbora.ee/products/c3f9f216-9c8a-4721-bcaa-66dcabaee8f7_m.png",
      "store": "Barbora",
      "is_sale": false
    },
    "Viin KHORTYTSA Classic 40% 700ml": {
      "category": "Barbora:Viinad",
      "entries": [
        {
          "t": "2026-01-27T21:50:41.846263",
          "p": 12.99
        }
      ],
      "latest_price": 12.99,
      "price_per_unit": 18.56,
      "unit_label": "L",
      "url": "https://barbora.ee/toode/viin-khortytsa-classic-40-proc-700-ml",
      "img": "https://cdn.barbora.ee/products/75f92a53-0b8a-4d31-85df-d6286a3fc359_m.png",
      "store": "Barbora",
      "is_sale": false
    },
    "Viin MOROSHA Carpathian 40% 500ml": {
      "category": "Barbora:Viinad",
      "entries": [
        {
          "t": "2026-01-27T21:50:41.846263",
          "p": 14.29
        }
      ],
      "latest_price": 14.29,
      "price_per_unit": 28.58,
      "unit_label": "L",
      "url": "https://barbora.ee/toode/viin-morosha-carpathian-40-proc-500-ml",
      "img": "https://cdn.barbora.ee/products/06cae463-40e3-45c9-99d6-2b9cd1f746b2_m.png",
      "store": "Barbora",
      "is_sale": false
    },
    "Viin KHORTYTSA Silver Cool 40% 500ml": {
      "category": "Barbora:Viinad",
      "entries": [
        {
          "t": "2026-01-27T21:50:41.846263",
          "p": 9.49
        }
      ],
      "latest_price": 9.49,
      "price_per_unit": 18.98,
      "unit_label": "L",
      "url": "https://barbora.ee/toode/viin-khortytsa-silver-cool-40-proc-500-ml",
      "img": "https://cdn.barbora.ee/products/e00295a2-5063-40c1-8a5f-643a560d8efd_m.png",
      "store": "Barbora",
      "is_sale": false
    },
    "Viin KHORTYTSA Silver Cool 40% 700ml": {
      "category": "Barbora:Viinad",
      "entries": [
        {
          "t": "2026-01-27T21:50:41.846263",
          "p": 12.99
        }
      ],
      "latest_price": 12.99,
      "price_per_unit": 18.55,
      "unit_label": "L",
      "url": "https://barbora.ee/toode/viin-khortytsa-silver-cool-40-proc-700-ml",
      "img": "https://cdn.barbora.ee/products/1e52b490-0711-4742-ba84-2220b06ed985_m.png",
      "store": "Barbora",
      "is_sale": false
    },
    "Viin GORILKA Pšenitsnaja 40% 500ml": {
      "category": "Barbora:Viinad",
      "entries": [
        {
          "t": "2026-01-27T21:50:41.846263",
          "p": 12.25
        }
      ],
      "latest_price": 12.25,
      "price_per_unit": 24.5,
      "unit_label": "L",
      "url": "https://barbora.ee/toode/viin-gorilka-psenitsnaja-40-proc-500-ml",
      "img": "https://cdn.barbora.ee/products/1934b887-ad93-4f08-8d15-bf01d3d0c001_m.png",
      "store": "Barbora",
      "is_sale": false
    },
    "Viin VIRU VALGE Ploomi 37.5% 500ml": {
      "category": "Barbora:Viinad",
      "entries": [
        {
          "t": "2026-01-27T21:50:41.846263",
          "p": 11.69
        }
      ],
      "latest_price": 11.69,
      "price_per_unit": 23.38,
      "unit_label": "L",
      "url": "https://barbora.ee/toode/viin-viru-valge-ploomi-37-5-proc-500-ml",
      "img": "https://cdn.barbora.ee/products/7e417fea-768a-4248-81bd-a965e1cfdc92_m.png",
      "store": "Barbora",
      "is_sale": false
    },
    "Viin REVAL Särts. Jõhvikas 37.5% 500ml": {
      "category": "Barbora:Viinad",
      "entries": [
        {
          "t": "2026-01-27T21:50:41.846263",
          "p": 10.85
        }
      ],
      "latest_price": 10.85,
      "price_per_unit": 21.7,
      "unit_label": "L",
      "url": "https://barbora.ee/toode/viin-reval-sarts-johvikas-37-5-proc-500-ml",
      "img": "https://cdn.barbora.ee/products/ba684bdb-89da-495e-acee-adca08c7cdee_m.png",
      "store": "Barbora",
      "is_sale": false
    },
    "Viin REVAL 40% 500ml": {
      "category": "Barbora:Viinad",
      "entries": [
        {
          "t": "2026-01-27T21:50:41.846263",
          "p": 11.95
        }
      ],
      "latest_price": 11.95,
      "price_per_unit": 23.9,
      "unit_label": "L",
      "url": "https://barbora.ee/toode/viin-reval-40-proc-500-ml",
      "img": "https://cdn.barbora.ee/products/bf41027f-3bee-4329-84d1-77cd721acd7d_m.png",
      "store": "Barbora",
      "is_sale": false
    },
    "Viin REVAL Metsikud Ürdid 37.5% 500ml": {
      "category": "Barbora:Viinad",
      "entries": [
        {
          "t": "2026-01-27T21:50:41.846263",
          "p": 12.25
        }
      ],
      "latest_price": 12.25,
      "price_per_unit": 24.5,
      "unit_label": "L",
      "url": "https://barbora.ee/toode/viin-reval-metsikud-urdid-37-5-proc-500-ml",
      "img": "https://cdn.barbora.ee/products/a2edb123-561a-4062-8744-6096ba0405db_m.png",
      "store": "Barbora",
      "is_sale": false
    },
    "Viin ZUBROWKA Cranberry 37.5% 500ml": {
      "category": "Barbora:Viinad",
      "entries": [
        {
          "t": "2026-01-27T21:50:41.846263",
          "p": 8.99
        }
      ],
      "latest_price": 8.99,
      "price_per_unit": 17.98,
      "unit_label": "L",
      "url": "https://barbora.ee/toode/viin-zubrowka-cranberry-37-5-proc-500-ml",
      "img": "https://cdn.barbora.ee/products/48d6f246-8710-42a2-9060-dd6ace1d8f47_m.png",
      "store": "Barbora",
      "is_sale": false
    },
    "Maits.viin ABSOLUT Vanilje 38% 700ml": {
      "category": "Barbora:Viinad",
      "entries": [
        {
          "t": "2026-01-27T21:50:41.846263",
          "p": 16.99
        }
      ],
      "latest_price": 16.99,
      "price_per_unit": 24.27,
      "unit_label": "L",
      "url": "https://barbora.ee/toode/maits-viin-absolut-vanilje-38-proc-700-ml",
      "img": "https://cdn.barbora.ee/products/0f9d0174-f8da-47b1-b795-085e1a6ca090_m.png",
      "store": "Barbora",
      "is_sale": false
    },
    "M.viin SAAREMAA Mustsõstar 37.5% 500ml": {
      "category": "Barbora:Viinad",
      "entries": [
        {
          "t": "2026-01-27T21:50:41.846263",
          "p": 9.49
        }
      ],
      "latest_price": 9.49,
      "price_per_unit": 18.98,
      "unit_label": "L",
      "url": "https://barbora.ee/toode/m-viin-saaremaa-mustsostar-37-5-proc-500-ml",
      "img": "https://cdn.barbora.ee/products/7b707427-1638-4573-b449-215a855908b5_m.png",
      "store": "Barbora",
      "is_sale": false
    },
    "Maits.viin SAAREMAA Apelsin 37.5% 500ml": {
      "category": "Barbora:Viinad",
      "entries": [
        {
          "t": "2026-01-27T21:50:41.846263",
          "p": 12.59
        }
      ],
      "latest_price": 12.59,
      "price_per_unit": 25.18,
      "unit_label": "L",
      "url": "https://barbora.ee/toode/maits-viin-saaremaa-apelsin-37-5-proc-500-ml",
      "img": "https://cdn.barbora.ee/products/9746f3f5-50cb-4a1e-ba32-aa4e2c39eb09_m.png",
      "store": "Barbora",
      "is_sale": false
    },
    "Viin Viin 40% 500ml": {
      "category": "Barbora:Viinad",
      "entries": [
        {
          "t": "2026-01-27T21:50:41.846263",
          "p": 8.49
        }
      ],
      "latest_price": 8.49,
      "price_per_unit": 16.98,
      "unit_label": "L",
      "url": "https://barbora.ee/toode/viin-viin-40-proc-500-ml",
      "img": "https://cdn.barbora.ee/products/cf006879-369a-43e8-a8aa-927712404dc5_m.png",
      "store": "Barbora",
      "is_sale": false
    },
    "Viin HÕBE Mild 39.2% 700ml": {
      "category": "Barbora:Viinad",
      "entries": [
        {
          "t": "2026-01-27T21:50:41.846263",
          "p": 16.99
        }
      ],
      "latest_price": 16.99,
      "price_per_unit": 24.27,
      "unit_label": "L",
      "url": "https://barbora.ee/toode/viin-hobe-mild-39-2-proc-700-ml",
      "img": "https://cdn.barbora.ee/products/723430b3-7d57-4752-b1c8-7fa65a06552b_m.png",
      "store": "Barbora",
      "is_sale": false
    },
    "Viin STARQJ KNJAZ 40% 500ml": {
      "category": "Barbora:Viinad",
      "entries": [
        {
          "t": "2026-01-27T21:50:41.846263",
          "p": 7.15
        }
      ],
      "latest_price": 7.15,
      "price_per_unit": 14.3,
      "unit_label": "L",
      "url": "https://barbora.ee/toode/viin-starqj-knjaz-40-proc-500-ml-54809",
      "img": "https://cdn.barbora.ee/products/ed7f3ba0-f974-4e8c-aab0-f358edf5ecbc_m.png",
      "store": "Barbora",
      "is_sale": false
    },
    "Maits.viin NIPERNAADI jõhvika 37.5%500ml": {
      "category": "Barbora:Viinad",
      "entries": [
        {
          "t": "2026-01-27T21:50:41.846263",
          "p": 13.85
        }
      ],
      "latest_price": 13.85,
      "price_per_unit": 27.7,
      "unit_label": "L",
      "url": "https://barbora.ee/toode/maits-viin-nipernaadi-johvika-37-5-proc-500-ml-57461",
      "img": "https://cdn.barbora.ee/products/fa4aea07-3a0a-414a-94d4-2e09ebab8f37_m.png",
      "store": "Barbora",
      "is_sale": false
    },
    "M.viin HLIBNY DAR Sp.Vanilla 37.5% 500ml": {
      "category": "Barbora:Viinad",
      "entries": [
        {
          "t": "2026-01-27T21:50:41.846263",
          "p": 8.49
        }
      ],
      "latest_price": 8.49,
      "price_per_unit": 16.98,
      "unit_label": "L",
      "url": "https://barbora.ee/toode/m-viin-hlibny-dar-sp-vanilla-37-5-proc-500-ml",
      "img": "https://cdn.barbora.ee/products/633f8f20-35b7-4eb7-8dfc-a26607364d5a_m.png",
      "store": "Barbora",
      "is_sale": false
    },
    "Viin PÖÖRIÖÖ 40% 500ml": {
      "category": "Barbora:Viinad",
      "entries": [
        {
          "t": "2026-01-27T21:50:41.846263",
          "p": 16.49
        }
      ],
      "latest_price": 16.49,
      "price_per_unit": 32.98,
      "unit_label": "L",
      "url": "https://barbora.ee/toode/viin-poorioo-40-proc-500-ml",
      "img": "https://cdn.barbora.ee/products/b37df4e8-3905-44ed-94df-8318a2463f8e_m.png",
      "store": "Barbora",
      "is_sale": false
    },
    "M.viin HLIBNY DAR Wild Berry 37.5% 500ml": {
      "category": "Barbora:Viinad",
      "entries": [
        {
          "t": "2026-01-27T21:50:41.846263",
          "p": 8.49
        }
      ],
      "latest_price": 8.49,
      "price_per_unit": 16.98,
      "unit_label": "L",
      "url": "https://barbora.ee/toode/m-viin-hlibny-dar-wild-berry-37-5-proc-500-ml",
      "img": "https://cdn.barbora.ee/products/2ebfc739-6fcb-4b4d-a61a-1fd7ae2d2ed3_m.png",
      "store": "Barbora",
      "is_sale": false
    },
    "Maits.viin AVOKADO VODKA 40% 500ml": {
      "category": "Barbora:Viinad",
      "entries": [
        {
          "t": "2026-01-27T21:50:41.846263",
          "p": 7.99
        }
      ],
      "latest_price": 7.99,
      "price_per_unit": 15.98,
      "unit_label": "L",
      "url": "https://barbora.ee/toode/maits-viin-avokado-vodka-40-proc-500-ml",
      "img": "https://cdn.barbora.ee/products/4dd9dc4f-45bf-4559-8e96-084e092adaa5_m.png",
      "store": "Barbora",
      "is_sale": false
    },
    "Viin Stare Selo 500ml 40%": {
      "category": "Barbora:Viinad",
      "entries": [
        {
          "t": "2026-01-27T21:50:41.846263",
          "p": 8.39
        }
      ],
      "latest_price": 8.39,
      "price_per_unit": 16.78,
      "unit_label": "L",
      "url": "https://barbora.ee/toode/viin-stare-selo-500-ml-40-proc",
      "img": "https://cdn.barbora.ee/products/3d007374-2e1f-4685-8616-d60bee3f4eab_m.png",
      "store": "Barbora",
      "is_sale": false
    },
    "Maitsest.viin NIPERNAADI Kirsi 30% 500ml": {
      "category": "Barbora:Viinad",
      "entries": [
        {
          "t": "2026-01-27T21:50:41.846263",
          "p": 13.59
        }
      ],
      "latest_price": 13.59,
      "price_per_unit": 27.18,
      "unit_label": "L",
      "url": "https://barbora.ee/toode/maitsest-viin-nipernaadi-kirsi-30-proc-500-ml",
      "img": "https://cdn.barbora.ee/products/29a76f91-7c10-4525-83c3-f0bb9ee02950_m.png",
      "store": "Barbora",
      "is_sale": false
    },
    "Viin Polar Bear 37.5% 700ml": {
      "category": "Barbora:Viinad",
      "entries": [
        {
          "t": "2026-01-27T21:50:41.846263",
          "p": 10.99
        }
      ],
      "latest_price": 10.99,
      "price_per_unit": 15.7,
      "unit_label": "L",
      "url": "https://barbora.ee/toode/viin-polar-bear-37-5-proc-700-ml",
      "img": "https://cdn.barbora.ee/products/a802eda8-e0c2-452a-a036-6895a329416c_m.png",
      "store": "Barbora",
      "is_sale": false
    },
    "Viin BERJOZOVAJA ROŠTŠA 40% 1L": {
      "category": "Barbora:Viinad",
      "entries": [
        {
          "t": "2026-01-27T21:50:41.846263",
          "p": 14.99
        }
      ],
      "latest_price": 14.99,
      "price_per_unit": 14.99,
      "unit_label": "L",
      "url": "https://barbora.ee/toode/viin-berjozovaja-rostsa-40-proc-1-l",
      "img": "https://cdn.barbora.ee/products/97e86e7b-fa06-4141-a64e-e3a07947838e_m.png",
      "store": "Barbora",
      "is_sale": false
    },
    "Viin FINLANDIA Redberry 37.5% 700ml": {
      "category": "Barbora:Viinad",
      "entries": [
        {
          "t": "2026-01-27T21:50:41.846263",
          "p": 21.69
        }
      ],
      "latest_price": 21.69,
      "price_per_unit": 30.99,
      "unit_label": "L",
      "url": "https://barbora.ee/toode/viin-finlandia-redberry-37-5-proc-700-ml",
      "img": "https://cdn.barbora.ee/products/4ba275d1-dfc2-4eb1-9d62-d4117cf871d6_m.png",
      "store": "Barbora",
      "is_sale": false
    },
    "Viin Hlibnij Kolos 40% 500ml": {
      "category": "Barbora:Viinad",
      "entries": [
        {
          "t": "2026-01-27T21:50:41.846263",
          "p": 12.79
        }
      ],
      "latest_price": 12.79,
      "price_per_unit": 25.58,
      "unit_label": "L",
      "url": "https://barbora.ee/toode/viin-hlibnij-kolos-40-proc-500-ml",
      "img": "https://cdn.barbora.ee/products/bb77545b-8bd5-4779-a478-adc7ddf300d7_m.png",
      "store": "Barbora",
      "is_sale": false
    },
    "Viin STUMBRAS Premium 40% 700ml": {
      "category": "Barbora:Viinad",
      "entries": [
        {
          "t": "2026-01-27T21:50:41.846263",
          "p": 29.99
        }
      ],
      "latest_price": 29.99,
      "price_per_unit": 42.84,
      "unit_label": "L",
      "url": "https://barbora.ee/toode/viin-stumbras-premium-organic-40-proc-700-ml",
      "img": "https://cdn.barbora.ee/products/85e93681-47a1-48d4-a78b-e4ad8176fdad_m.png",
      "store": "Barbora",
      "is_sale": false
    },
    "Viin BELUGA Noble Vodka 40% 500ml": {
      "category": "Barbora:Viinad",
      "entries": [
        {
          "t": "2026-01-27T21:50:41.846263",
          "p": 28.99
        }
      ],
      "latest_price": 28.99,
      "price_per_unit": 57.98,
      "unit_label": "L",
      "url": "https://barbora.ee/toode/viin-beluga-noble-vodka-40-proc-500-ml",
      "img": "https://cdn.barbora.ee/products/aca24c07-5c04-4176-b178-3da55068df1a_m.png",
      "store": "Barbora",
      "is_sale": false
    },
    "Viin BELUGA Celebration 40% 700ml": {
      "category": "Barbora:Viinad",
      "entries": [
        {
          "t": "2026-01-27T21:50:41.846263",
          "p": 44.99
        }
      ],
      "latest_price": 44.99,
      "price_per_unit": 64.27,
      "unit_label": "L",
      "url": "https://barbora.ee/toode/viin-beluga-celebration-40-proc-700-ml",
      "img": "https://cdn.barbora.ee/products/98bd8847-0652-435e-9064-249a92d318ac_m.png",
      "store": "Barbora",
      "is_sale": false
    },
    "Viin BELUGA Transatlantic 40% 700ml": {
      "category": "Barbora:Viinad",
      "entries": [
        {
          "t": "2026-01-27T21:50:41.846263",
          "p": 44.99
        }
      ],
      "latest_price": 44.99,
      "price_per_unit": 64.27,
      "unit_label": "L",
      "url": "https://barbora.ee/toode/viin-beluga-transatlantic-40-proc-700-ml-98993",
      "img": "https://cdn.barbora.ee/products/21b1f19a-880c-473c-acac-e16cc28985cb_m.png",
      "store": "Barbora",
      "is_sale": false
    },
    "Viin ZUBROWKA Vanilla 35% 700ml": {
      "category": "Barbora:Viinad",
      "entries": [
        {
          "t": "2026-01-27T21:50:41.846263",
          "p": 12.99
        }
      ],
      "latest_price": 12.99,
      "price_per_unit": 18.56,
      "unit_label": "L",
      "url": "https://barbora.ee/toode/viin-zubrowka-vanilla-35-proc-700-ml",
      "img": "https://cdn.barbora.ee/products/9982b122-a26c-4814-aaa3-698da1a9ccea_m.png",
      "store": "Barbora",
      "is_sale": false
    }
  }
}